1881 3173
261 141 350 193 ‘654

265 259 377 303 σας.
407 250 462 290 ait
497 249 621 288 enim:
661 250 706 288 vt
734 247 911 287 trabeam
939 260 1019 287 non

263 308 387 364 magis
407 321 504 346 auro
522 308 610 357 sito,
638 318 754 360 quam
773 318 925 344 munere
950 315 1018 345 tuo

254 361 508 418 splendidam
524 362 756 416 praestares.
814 362 864 400 At
877 363 1018 400 Sueto-

265 424 367 468 nius,
404 434 491 470 cum
520 420 592 458 tria
625 419 843 457 trabearum
872 428 1016 464 genera

264 477 507 523 describeret,
525 473 669 514 nullam
680 475 767 512 auri
778 474 1017 512 mentionem

261 534 369 576 fecit.
453 536 621 586 Apparet
653 531 784 580 igitur,
829 532 1014 569 Gratiano

261 593 492 644 imperante,
539 598 577 627 et
623 587 816 627 trabeatos
848 586 889 623 in
915 585 1014 626 vrbe

264 645 438 688 consules
457 643 582 691 fuiss'e,
607 645 676 697 qui
695 644 920 696 praetextati
948 657 1014 682 an-

262 715 324 746 tea
345 703 518 746 fuerant3
545 711 583 740 et
613 701 784 741 trabeam
816 697 926 738 fuisse
956 711 1013 740 to·

260 775 349 812 gam
370 773 466 799 auro
487 759 653 811 pictam,
684 766 820 796 eontra
841 767 1012 796 veterem

262 815 590 858 consuetudinem.
630 813 758 854 fuerat
805 814 908 852 enim
945 828 1011 853 au-

262 888 351 916 rum
369 872 525 927 quidem
542 873 583 910 in
605 883 695 922 toga
711 871 826 925 piRa,
854 884 935 910 non
960 881 1013 911 ta-

261 945 352 973 men
373 933 414 969 in
444 930 595 970 trabea:
634 941 672 968 et
702 925 872 967 diuersas
891 929 1012 968 osten-

263 989 320 1029 dit
348 987 493 1028 Plinius
530 983 599 1026 lib.
613 992 651 1035 8.
692 999 723 1025 c.
740 990 808 1039 48.
844 982 1013 1024 seorsum

258 1057 461 1098 Vtramque
482 1045 709 1082 nominans:
747 1040 911 1089 Trabeis,
944 1043 1013 1089 ait,

258 1103 349 1157 vsos
378 1103 522 1155 accipio
565 1113 696 1152 reges.-
741 1097 868 1152 piHus
899 1098 1014 1152 vester

259 1161 343 1201 iam
376 1155 482 1212 apud
506 1157 717 1196 Homerum
739 1152 880 1209 fuiffe,
909 1154 1012 1195 vnde

260 1215 515 1268 triumphales
532 1223 662 1253 natae.
721 1214 830 1260 Quae
850 1225 935 1250 cum
955 1211 1010 1250 di-

261 1274 325 1321 cit,
346 1274 513 1326 primum
534 1283 554 1308 a
584 1270 724 1309 trabeis
745 1270 863 1322 pielas
890 1269 1008 1308 vestes

259 1329 463 1369 discernit:
515 1326 654 1365 deinde
692 1324 789 1364 illud
831 1325 1008 1373 ostendit,

259 1388 380 1441 pietas
395 1386 528 1432 vestes,
551 1397 631 1422 non
651 1383 815 1429 trabeas,
831 1384 933 1424 inter
945 1395 1009 1422 or-

258 1454 439 1494 namenta
465 1438 711 1494 triumphalia
730 1438 851 1479 fuiffe.
876 1452 1008 1492 quam·

258 1496 375 1554 quam
395 1502 672 1553 imperatorum
692 1507 827 1544 aetate,
848 1507 890 1535 vt
899 1509 1007 1550 prae-

256 1567 372 1603 texta,
403 1557 450 1594 fic
487 1564 575 1605 toga
610 1555 711 1607 pieta
735 1551 934 1594 consulum
964 1555 1005 1591 in

253 1627 347 1669 pace
365 1611 506 1652 fuerit:
551 1611 671 1664 quod,
710 1621 862 1664 praeter
888 1607 1006 1648 Auso·

254 1673 380 1717 nium,
425 1667 668 1721 Lampridius
707 1669 749 1706 in
787 1664 1004 1707 Alexandro

254 1729 402 1768 Seuero
434 1740 463 1764 c.
487 1734 549 1777 39.
584 1723 708 1763 docet.
792 1721 1005 1762 Militarem

252 1784 430 1825 habitum
451 1783 535 1835 post
557 1794 662 1831 reges
685 1778 911 1819 crediderim
930 1790 1005 1819 tra-

254 1842 367 1883 beam
391 1837 513 1884 fuifl’e,
533 1852 614 1890 quo
632 1836 804 1876 consules
833 1838 874 1875 in
895 1835 1000 1877 bello

252 1906 466 1938 vterentur.
481 1895 520 1933 id
534 1895 629 1933 mihi
647 1895 755 1934 venit
765 1896 808 1933 in
832 1904 998 1933 mentem

251 1956 359 1996 Liuii
379 1952 506 1992 locum
525 1950 591 1990 lib.
607 1963 672 2002 32.
705 1964 734 1990 c.
757 1955 795 1993 6.
835 1951 998 1990 confide-

253 2012 369 2053 ranti.
428 2009 577 2060 Confitl,
596 2009 735 2060 inquit,
762 2019 834 2060 per
861 2007 1000 2047 Charo·

250 2082 342 2124 pum
361 2067 558 2119 Epirotem
575 2067 717 2105 certior
727 2062 876 2116 faft'us,
909 2077 999 2119 quos

238 2126 374 2178 saltus·
398 2135 483 2164 curn
502 2123 674 2161 exercitu
705 2117 889 2174 itgledg'ffi‘t
917 2133 999 2168 rex,

250 2193 292 2224 et
319 2180 394 2234 ipſse
428 2192 513 2219 cum
544 2177 730 2229 Corcyrae
758 2173 996 2230 hibermgffi’t,

251 2252 343 2279 vere
354 2238 480 2291 primo
504 2236 547 2274 in
567 2235 818 2274 continentem
844 2231 997 2274 trahea—

249 2305 315 2337 ηις
348 2292 401 2333 ud
422 2291 556 2345 hostem
582 2289 718 2331 ducere
736 2292 876 2346 pergit.
907 2292 996 2328 Pro-

249 2361 382 2406 pterea
406 2350 593 2402 equcstres
625 2358 794 2393 turmae,
820 2344 1011 2386 bellicam-

249 2407 413 2461 speciem
469 2403 814 2457 repraesentantes,
869 2403 995 2442 idibus

249 2466 385 2512 Qiint.
430 2472 516 2500 ante
559 2459 732 2500 censores
777 2459 997 2499 transuehe-

249 2522 402 2563 bantur.
430 2516 604 2558 Valerius
627 2519 727 2556 Max.
762 2513 879 2557 libe.
912 2528 995 2557 c.1.

251 2575 466 2618 Trabeatos
509 2576 650 2629 equites
684 2571 778 2614 idib.
816 2573 912 2612 Iulii
942 2575 998 2629 2:

251 2631 395 2675 Fabius
436 2630 638 2671 transuehi
684 2629 864 2683 instituit.
948 2630 992 2668 Et

246 2688 350 2742 apud
361 2689 545 2727 Tacitum
591 2685 657 2725 lib.
681 2699 716 2736 3.
749 2683 885 2724 Annal.
908 2698 938 2723 e.
950 2697 990 2726 2.

247 2748 290 2787 in
302 2745 436 2785 funere
449 2744 665 2783 Germanici
679 2759 686 2781 :
717 2741 989 2788 Tribunorum,

246 2803 584 2856 centurionumque
622 2799 808 2855 humeris.
845 2800 990 2841 cineres

472 135 702 178 PAVLLI
738 135 1028 178 MANVTII
1064 134 1390 176 COMMENT
1421 127 1639 175 anivs-

1075 247 1342 301 portabantur
1355 264 1369 286 :
1392 245 1671 300 praeredebant
1689 247 1825 290 ineam*

1071 316 1147 357 pta
1156 304 1282 361 figua,
1314 304 1421 357 vet-‘fi'
1437 303 1588 356 fasces.-
1614 316 1727 361 atque
1759 304 1824 351 vbi

1074 362 1242 400 colonias
1287 359 1674 417 transgrederentur,
1715 372 1822 403 ntra-
1864 375 1865 397 1

1073 426 1116 456 ta
1124 416 1263 469 plebes,
1282 416 1451 458 trabeati
1470 420 1625 472 equites.
1641 446 1644 449 ψ
1674 420 1719 457 Et
1733 419 1822 458 Sue-

1072 474 1202 512 tonius
1219 475 1261 512 in
1274 475 1497 519 Domitiano
1519 487 1548 512 c.
1566 485 1639 528 14.
1652 474 1697 513 de
1708 477 1821 528 Equi-

1071 529 1175 568 tibus
1211 532 1392 569 Romanis
1426 531 1619 571 trabeatis.
1662 527 1821 572 ‘'Eo‘dem
1865 550 1869 563 ι

1071 587 1208 625 vestitu
1252 585 1371 626 Salios
1409 601 1567 640 quoque
1607 587 1821 629 sacerdotes
1868 619 1869 624 ,

1070 643 1201 683 trabea
1229 641 1340 690 vsos,
1369 645 1569 689 Dionysius
1599 643 1667 684 lib.
1689 659 1723 702 3.
1755 650 1821 685 au'-
1868 639 1869 644 ¹

1070 701 1155 740 &or
1183 700 1258 739 est:
1297 698 1360 740 sed
1400 702 1491 753 quia
1537 703 1688 742 trabeas
1732 702 1818 743 illas
1870 711 1872 718 ³

1068 763 1339 806 περιποςφῦςες,
1379 765 1669 806 Φοινικοπκςύφκς
1688 771 1816 809 vocat,
1870 771 1872 789 ⁵

1068 813 1110 853 id
1131 814 1194 861 est,
1213 827 1381 868 purpura
1403 814 1628 868 praetextas,
1651 819 1816 870 puniceo

1070 869 1201 910 colore
1250 869 1406 911 alternis
1429 890 1433 895 ·
1457 872 1686 913 intertexto:
1728 873 1816 914 satis
1872 893 1874 923 ι

1069 929 1226 976 constat,
1247 942 1336 968 eum
1353 926 1526 967 locutum
1547 928 1620 969 effe
1638 929 1686 969 de
1701 933 1817 972 tertio
1856 948 1861 949 ⁷

1068 983 1139 1025 illo
1157 985 1377 1025 trabearum
1396 998 1548 1035 genere,
1561 986 1667 1040 quod
1687 989 1819 1028 Sueto·
1872 990 1875 996 ’

1069 1044 1156 1080 nius
1174 1057 1195 1080 e
1217 1056 1387 1096 purpura
1405 1040 1548 1082 saelum
1567 1054 1604 1084 et
1632 1058 1745 1085 cocco
1763 1044 1818 1086 sa-
1879 1075 1881 1094 ὲ

1067 1098 1287 1155 cerdotibus
1308 1098 1498 1139 attribuit.

1123 1168 1385 1221 Ἀπότευγμα]
1457 1169 1685 1210 Aberratio:
1722 1172 1815 1227 quia
1880 1170 1881 1179 ¹

1064 1241 1146 1267 non
1169 1225 1348 1280 affequor
1369 1225 1423 1274 id,
1455 1225 1563 1280 quod
1590 1228 1719 1280 cupio.
1876 1221 1878 1244 Ι

1122 1282 1295 1333 Plebeio]
1353 1282 1516 1331 Humili,
1536 1297 1618 1323 non
1639 1282 1844 1338 elabora-⁴,
1875 1284 1880 1325 ἶ

1065 1351 1121 1387 to,
1155 1339 1219 1379 sed
1257 1338 1363 1393 quali
1404 1341 1581 1381 homines
1612 1338 1662 1380 de
1695 1340 1810 1396 plebe
1877 1344 1881 1398 ζ

1065 1407 1240 1438 Vtuntur.
1880 1415 1881 1424 ¹

1117 1465 1320 1520 subtilius]
1409 1466 1609 1508 Subtilitas
1629 1470 1693 1518 est,
1723 1484 1811 1512 cum
1879 1433 1881 1522 l

1061 1534 1232 1564 accurate
1289 1525 1436 1564 minuta
1477 1539 1651 1580 quaeque
1709 1541 1811 1581 puro

1062 1581 1233 1635 quodam
1261 1592 1300 1620 et
1318 1579 1476 1635 fimplici
1496 1581 1649 1622 dicendi
1665 1597 1808 1634 genere
1841 1620 1845 1623 .

1060 1637 1336 1692 persequimur.
1370 1638 1460 1679 vide
1480 1652 1580 1692 quae
1605 1637 1806 1685 attulimus

1059 1695 1107 1734 ad
1128 1694 1239 1734 illum
1261 1694 1391 1735 locum
1408 1694 1477 1735 lib.
1486 1706 1527 1747 4.
1546 1696 1650 1752 epist.
1664 1711 1701 1750 4.
1732 1698 1811 1738 Fa-

1059 1754 1132 1792 cile
1151 1751 1240 1792 cedo
1260 1763 1415 1792 tuorum
1425 1751 1670 1807 scriptorum
1676 1754 1807 1807 subti-

1058 1811 1170 1850 litati
1192 1820 1230 1848 et
1258 1809 1486 1865 elegantiae.
1841 1818 1845 1820 ’

1115 1880 1264 1932 Capitis
1281 1890 1352 1918 aut
1367 1877 1523 1931 famae]
1548 1881 1656 1928 Qae
1676 1882 1806 1934 priua-

1056 1946 1117 1975 tae
1155 1933 1299 1974 cauffae
1326 1949 1407 1974 non
1435 1933 1532 1974 sunt.
1573 1937 1739 1976 diximus
1758 1939 1803 1978 in

1056 1992 1159 2033 libro
1181 1993 1312 2031 nostro
1342 1991 1390 2030 de
1415 1992 1596 2031 Romanis
1613 1993 1804 2044 Legibus.

1113 2061 1292 2117 Scilicet]
1322 2061 1555 2102 Affirmantis
1577 2065 1642 2112 est,
1668 2074 1711 2104 vt
1731 2064 1800 2106 lib.

1059 2131 1094 2162 1.
1122 2119 1226 2173 epist.
1249 2119 1288 2160 6.
1316 2128 1353 2158 et
1370 2117 1514 2173 lib.15.
1542 2121 1647 2174 epist.
1673 2134 1734 2177 15.
1765 2132 1803 2163 et

1053 2176 1160 2216 alibi.

1108 2228 1225 2288 ‚Qid
1242 2229 1316 2271 tibi
1335 2232 1444 2271 venit
1462 2233 1504 2271 in
1524 2233 1698 2288 mentem]
1739 2235 1798 2274 Sic

1053 2286 1145 2328 libri
1164 2290 1239 2327 mei
1257 2297 1404 2328 veteres
1433 2301 1579 2330 omnes.
1609 2299 1646 2329 et
1673 2292 1795 2331 reeie:
1831 2289 1837 2294 ’

1054 2347 1101 2385 fic
1120 2347 1221 2385 enim
1240 2344 1339 2385 alibi‘
1354 2358 1511 2398 quoque
1530 2347 1667 2386 Cicero
1688 2345 1795 2387 locu-

1054 2413 1116 2442 tus
1136 2403 1199 2442 est.

1111 2458 1280 2499 Patricii
1299 2459 1487 2497 minorum
1497 2456 1706 2513 gentium]
1737 2459 1796 2499 Sic

1050 2514 1232 2569 appellati
1249 2524 1399 2552 centum
1421 2512 1492 2560 illi,
1513 2526 1610 2565 quos
1629 2516 1669 2552 in
1691 2513 1796 2554 sena.

1050 2582 1133 2612 tum
1175 2572 1417 2623 Tarquinius
1465 2568 1606 2608 Priscus
1650 2569 1791 2620 allegit,

1048 2631 1164 2668 Erant
1182 2637 1308 2666 autem
1332 2640 1462 2675 regum
1494 2637 1616 2665 aetate
1645 2626 1792 2667 senato-
1823 2650 1826 2652 ·
1876 2640 1881 2647 '¹

1047 2699 1106 2724 res
1126 2697 1274 2732 omnes,
1301 2684 1377 2722 fiue
1398 2683 1602 2732 maiorum,
1622 2684 1699 2722 fiue
1721 2686 1792 2723 mi-

1045 2755 1186 2781 norum
1204 2742 1388 2790 gentium,
1405 2741 1574 2791 patricii:
1603 2750 1639 2778 et
1659 2742 1726 2793 qui
1737 2739 1805 2779 ala

1044 2797 1244 2852 legebatur
1261 2799 1302 2838 in
1326 2796 1510 2846 senatum,
1530 2797 1652 2838 statim
1673 2798 1790 2852 patri·

1708 2866 1788 2894 mus
