1881 3173
633 98 857 146 PAVLLI
885 105 1165 147 MANVTII
1193 106 1395 147 INDEX

233 216 388 261 Seruius
417 216 645 257 Ciceronem
678 215 896 256 consolatur
936 213 983 254 de

251 270 258 278 '
291 272 451 327 Tulliae
469 275 580 313 obitu
603 286 694 327 425,
710 281 774 326 87.
785 274 870 328 sqq.
900 272 982 311 Ser-

254 329 258 371 ]
273 334 276 338 '
290 330 392 378 vius,
415 329 583 371 colle&is
596 331 785 382 omnibus}
805 326 914 368 bellis
935 330 984 368 ci-

290 385 448 437 vilibus,
459 387 734 441 3accuratiffime
759 386 911 426 monuit
930 384 984 424 se·

290 455 433 491 natum,
456 456 494 484 vt
515 457 551 483 et
571 443 635 483 illa
664 446 853 489 timerent,
885 456 983 495 quae

288 501 554 548 meminiffent,
575 511 611 540 et
640 500 788 548 scirent,
809 500 981 552 quicum·

290 572 365 612 que
383 560 510 611 postea
531 556 804 610 rempublicam
825 554 977 609 oppres-

252 622 257 631 ”
287 614 383 655 [isset
402 617 530 662 armis,
557 614 680 654 multo
699 612 979 652 intolerabilio-

288 685 369 712 rem
392 670 565 711 futurum
586 685 626 724 4,
645 684 681 724 3,
705 677 772 723 33,
823 672 976 709 Seruius

287 728 491 781 Sulpicius,
526 731 639 767 etin
667 725 861 766 consulatu
896 725 977 772 suo,

289 795 327 824 et
346 786 428 838 post
447 783 697 831 consulatum,
719 782 892 822 defensor
915 796 977 836 pa-

282 844 341 881 cis
362 841 486 881 fuerat
506 855 534 895 4
556 840 605 888 '1‚
633 849 697 890 80.
755 842 876 879 Seruii
897 837 977 878 Sul·

288 901 381 954 picii
402 908 525 937 morte
549 912 726 949 magnum
753 897 978 951 praesidium

286 954 460 996 amissum
486 966 547 1002 12,
571 966 725 1008 5,7349.
756 956 878 993 Seruii
900 951 977 992 sen-

287 1015 406 1054 tentia
429 1015 468 1051 in
494 1011 598 1052 bello
620 1010 727 1052 ciuili
746 1009 917 1050 cauendo
939 1019 977 1049 et

288 1069 542 1125 praedicendo
777 1080 830 1121 4,
863 1079 900 1120 3,
923 1074 974 1120 83

233 1145 366 1188 Seruo.
417 1143 516 1180 (jum
536 1137 702 1194 populus
729 1138 835 1178 suum
855 1138 976 1178 serua·

250 1221 252 1223 >
286 1212 346 1241 ret
372 1211 409 1252 5,
434 1209 500 1246 203
521 1207 612 1248 134.
670 1197 821 1236 seruare
847 1197 976 1234 omnia

289 1259 437 1305 integra
469 1266 528 1300 10.
549 1267 616 1299 2¹,
643 1257 738 1306 296.
795 1254 975 1292 omnibus

288 1312 422 1354 officiis
443 1313 631 1349 amicitiae
664 1312 786 1349 {anfile
819 1308 976 1357 diligen-

289 1381 425 1423 terque
447 1367 601 1406 seruatis
743 1378 781 1416 5,
809 1377 873 1418 17,
898 1377 976 1417 129

233 1431 410 1471 Sextans.
469 1427 520 1463 Ex
540 1423 705 1462 sextante
726 1420 810 1461 sunt
829 1425 979 1474 iizlquo-

290 1498 377 1526 rum
401 1496 486 1536 pars
508 1482 583 1520 sine
607 1483 701 1520 iusta
722 1478 878 1533 querela
911 1492 977 1532 pu-

252 1559 254 1561 >
288 1539 390 1582 blica
407 1539 529 1593 potest
549 1536 622 1577 efl'e
720 1548 785 1590 13,
805 1549 874 1589 29,
893 1546 977 1588 4C7

231 1614 407 1653 Sextiana
431 1610 529 1648 dicia
749 1621 791 1662 7,
808 1620 873 1660 32,
895 1618 977 1648 202

231 1673 365 1711 Sextus
389 1665 516 1706 Aelius
751 1677 794 1718 7,
814 1677 880 1706 22?
898 1673 976 1715 193

232 1730 367 1767 Sextus
387 1723 589 1776 Pompeius
759 1733 824 1768 11,
839 1732 875 1766 1,
895 1731 976 1772 317

229 1782 396 1828 Sibyllae
420 1780 580 1834 plaeere,
601 1792 729 1829 regem
759 1777 980 1818 Alexandri·

254 1850 257 1852 ·
285 1853 381 1880 num
401 1840 477 1879 fine
505 1836 752 1878 multitudine
778 1835 909 1875 reduci
944 1845 978 1880 1,

858 1903 897 1946 7,
924 1902 976 1932 10

231 1972 291 2012 sic
307 1968 450 2009 habeto
764 1976 800 2015 3,
834 1974 899 2009 12,
919 1970 974 2016 78

233 2028 334 2076 Sida,
357 2025 546 2065 maritima
565 2035 651 2077 pars
673 2023 896 2076 prouinciae
916 2022 978 2059 Ci-

288 2083 398 2124 liciae
805 2089 839 2130 3,
862 2080 900 2124 6,
923 2089 975 2130 59

232 2144 390 2193 signare
413 2146 613 2187 argentum
726 2146 788 2187 13,
804 2146 870 2187 29.
891 2133 976 2186 406

231 2195 459 2250 Significaffe
497 2192 606 2233 vultu
646 2202 684 2231 et
721 2193 977 2232 taciturnitate

251 2263 255 2266 .
801 2260 837 2300 3⁹
861 2254 897 2296 Sa
921 2251 978 2299 64

233 2322 389 2377 Signum
440 2334 619 2372 magnum
663 2322 804 2358 amoris
843 2319 976 2357 dedisti

251 2393 255 2398 '
293 2395 359 2429 11,
386 2394 453 2428 21,
487 2390 579 2431 335.
655 2379 752 2426 ligna
803 2375 974 2422 meliora,

252 2476 258 2482 ,
288 2453 403 2493 quam
425 2450 522 2490 quae
545 2439 585 2473 in
604 2432 828 2474 Tusculano
845 2443 884 2486 7,
912 2445 927 2473 1
942 2445 975 2475 1,

898 2493 976 2531 182

231 2551 333 2593 Silua
356 2548 564 2590 Gallinaria
743 2558 781 2598 9.
805 2557 870 2598 23,
893 2549 976 2599 267

232 2605 364 2650 Simile
387 2608 435 2646 ab
456 2604 598 2659 Apelle,
628 2605 694 2656 qui
714 2607 900 2642 Venerem
921 2606 978 2641 in-

288 2665 443 2704 choauit
470 2675 501 2709 1,
525 2673 565 2714 9,
585 2671 652 2702 21.
682 2658 800 2698 simile
821 2659 976 2699 duckum

253 2728 255 2730 ’
284 2722 336 2761 ab
359 2712 477 2764 a’uro‚
506 2718 610 2772 quod
637 2719 723 2766 igne
753 2716 978 2770 perspicitur

253 2790 261 2805 ⁵
287 2789 329 2831 9,
352 2780 420 2824 16,
439 2787 536 2828 25¹5.
601 2788 624 2813 a
642 2775 758 2814 fluetu
788 2776 856 2826 qui
887 2773 978 2813 saxo

1095 216 1287 268 frangitur
1305 218 1400 260 ibid.
1420 231 1519 273 257.
1559 231 1581 258 a
1600 219 1777 274 gradibus

1096 272 1277 315 scalarum
1300 275 1339 323 6,
1358 287 1399 329 7,
1426 289 1517 330 152.
1553 277 1601 315 ab
1624 278 1683 322 iis,
1710 278 1780 328 qui
1847 277 1866 320 ζ-

1094 333 1357 386 intempestiue
1375 331 1423 371 ad
1453 347 1523 372 nos
1542 334 1684 372 adeunt
1714 342 1779 378 11,

1099 391 1164 434 16,
1185 399 1275 442 330
1308 388 1457 428 amalis
1488 390 1644 442 medicis
1676 402 1715 441 4,
1738 399 1798 440 ς,

1099 451 1153 497 89
1221 460 1241 485 a
1271 448 1428 486 morbo-
1449 448 1625 500 corporis
1659 456 1780 498 5‚13‚

1089 512 1189 597 ³123·
1246 516 1268 541 a
1296 505 1543 554 nauigatione
1570 514 1607 543 et
1637 513 1779 554 tempea

1120 568 1181 597 ate

1036 627 1213 667 Simiolus

1035 687 1187 733 Simius,
1209 683 1465 725 non‘semiffis
1491 684 1610 725 honio
1629 699 1679 738 «ς,
1710 696 1778 731 10,

1693 743 1775 783 116

1035 793 1240 835 Simulacra
1288 799 1461 850 corporis
1501 799 1646 838 etiamsi
1670 796 1775 836 nulla
1825 797 1837 848 j

1089 853 1171 897 lint,
1193 852 1317 893 nihilo
1336 854 1420 894 sunt
1439 868 1562 895 tamen
1583 854 1775 896 obscurio-

1085 922 1144 947 res
1168 907 1258 949 clari
1277 913 1350 949 viri
1394 959 1397 962 Ι

1032 963 1246 1006 Simultates
1282 969 1462 1006 Ciceroni
1509 979 1594 1008 cum
1648 970 1774 1021 Appio

1085 1021 1243 1062 fuerunt
1278 1031 1314 1072 3,
1344 1028 1382 1066 6.
1414 1034 1510 1077 214.
1572 1024 1775 1064 fimultates

1071 1093 1173 1119 -cum
1195 1094 1241 1119 co
1261 1081 1286 1119 fi
1313 1082 1383 1119 tibi
1405 1096 1484 1119 non
1508 1081 1660 1121 fuifi'ent
1681 1079 1773 1120 ibid.
1838 1105 1844 1113 -
1862 1128 1864 1130 Ι

1035 1137 1232 1176 Sincerum
1254 1151 1295 1175 ac
1324 1138 1459 1177 subtile
1490 1139 1673 1178 iudicium
1711 1150 1774 1191 15,
1798 1181 1805 1187 ,
1857 1152 1864 1169 ²

1092 1196 1130 1239 6,
1149 1198 1245 1246 463.
1290 1196 1470 1234 tim-erum
1507 1197 1776 1247 integrumque

1090 1251 1138 1289 ab
1178 1252 1283 1289 omni
1321 1253 1568 1292 incommodo
1605 1252 1774 1306 aliquem

1089 1306 1315 1346 conseruare
1532 1321 1596 1362 13,
1611 1323 1664 1363 50
1688 1320 1773 1362 417

1035 1364 1122 1402 Sine
1145 1362 1220 1402 vlla
1244 1365 1484 1412 dubitatione
1628 1378 1661 1415 1,
1687 1371 1772 1419 5‚,8

1035 1435 1248 1474 Sinisterius
1271 1451 1389 1475 cornu
1533 1448 1595 1483 10,-
1614 1448 1678 1488 30,
1694 1447 1774 1489 307

1035 1491 1225 1545 Sisterefi’
1246 1494 1482 1533 incolumem.
1540 1496 1577 1532 Si
1597 1505 1632 1532 te
1660 1497 1772 1532 nobis

1089 1547 1323 1587 incolumem
1345 1551 1492 1597 luteris,
1505 1551 1609 1602 (Ern.
1625 1552 1777 1602 praesti-

1091 1606 1203 1657 teris)
1224 1609 1353 1645 omnia
1369 1621 1390 1645 a
1411 1617 1448 1646 te
1467 1608 1616 1647 habebo
1651 1607 1715 1654 16,
1734 1619 1775 1660 9,

1165 1707 1168 1710 ,
1689 1665 1776 1716 486

1033 1719 1108 1758 Sita
1134 1718 1186 1758 est
1208 1716 1289 1758 laus
1311 1729 1374 1760 tua
1397 1717 1542 1760 excelso
1573 1728 1610 1759 et
1636 1717 1775 1759 illustri

1089 1775 1177 1814 loco
1596 1790 1637 1824 2,
1660 1789 1697 1830 5,
1720 1789 1772 1830 33

1033 1834 1198 1873 Societas
1232 1845 1352 1887 paene
1380 1831 1627 1884 aegritudinis
1662 1845 1703 1885 4,
1731 1838 1773 1882 6,

1676 1910 1679 1912 .
1718 1903 1769 1944 91

1034 1961 1185 2000 Socium
1205 1975 1266 2000 me
1292 1960 1448 2000 habebis
1477 1972 1625 2001 tuarum
1655 1963 1773 2002 aetio-

1091 2033 1197 2065 num,
1218 2018 1500 2067 sententiarum,
1530 2019 1773 2060 voluntatum

1094 2087 1130 2123 1,
1150 2079 1266 2129 9‚26.
1294 2075 1385 2114 socii
1407 2074 1611 2130 scripturae
1627 2088 1688 2129 13,
1703 2080 1772 2129 ὂς,

1687 2145 1772 2186 425

1033 2190 1222 2228 Socratem
1256 2187 1504 2229 nobiliffimus
1540 2188 1674 2228 fidicen
1706 2195 1772 2229 do-

1089 2248 1165 2285 cuit
1178 2249 1334 2285 Connus
1537 2259 1577 2299 9,
1598 2260 1665 2294 22,
1685 2250 1772 2300 265

1034 2300 1217 2342 Solatiuni
1237 2305 1354 2342 animi
1388 2318 1424 2353 4,
1452 2316 1489 2357 ς,
1516 2310 1581 2352 38.
1621 2305 1661 2342 in
1695 2317 1771 2343 ma-

1087 2362 1191 2400 ximo
1224 2375 1310 2400 meo
1347 2360 1483 2401 dolore
1523 2364 1595 2399 hoc
1634 2358 1770 2400 solatio

1087 2428 1177 2456 vtor
1504 2428 1569 2464 11,
1594 2421 1662 2463 26,
1686 2424 1766 2470 338

1035 2488 1219 2529 Sollicitat
1241 2504 1301 2529 me
1323 2499 1386 2528 tua
1405 2487 1586 2530 valetudo
1610 2491 1675 2536 16,
1701 2500 1771 2536 20,

1686 2554 1770 2598 495

1033 2601 1329 2650 sollicitudines,
1378 2614 1470 2654 quas
1520 2598 1772 2654 pertulimus,

1087 2673 1157 2699 etc.
1548 2664 1585 2704 6,
1605 2664 1672 2705 21,
1688 2662 1767 2707 168

1033 2714 1223 2757 Sollicitus
1254 2728 1356 2753 eram
1395 2713 1442 2751 de
1469 2715 1582 2752 rebus
1614 2715 1771 2754 vrbanis
1828 2750 1836 2753 ,

1361 2769 1512 2810 solliciti
1541 2785 1690 2810 eramus
1723 2770 1771 2810 de

1707 2837 1771 2868 tua

1087 2786 1125 2821 2,
1153 2783 1304 2826 i2,4¹·

1860 478 1867 510 ἶ

1609 570 1646 606 1⁹
1663 570 1704 612 9³
1721 567 1777 610 25
1840 560 1852 628 ’ἢ

1565 641 1607 683 7’
1628 642 1670 675 2,
1695 639 1778 681 174
1835 645 1843 651 '

1559 921 1772 965 5‚12,121
1808 923 1819 933 ⁵
1837 957 1865 974 χ
