1881 3173
615 52 840 92 PAVLLI
877 50 1165 108 MANVTH
1212 54 1406 121 JNDQX

301 174 398 206 211.
429 161 595 202 deiee‘ms
621 163 667 202 de
688 163 814 215 aliqua
840 164 981 202 haeresi

300 222 340 260 vi
368 220 588 262 hominibus
626 223 777 262 armatis
824 231 888 273 15,
913 223 978 265 16,

583 320 586 323 ,
898 288 982 329 473

244 334 449 375 Deiotarus
476 348 564 382 rex,
592 336 653 373 cui
688 347 767 372 non
793 334 867 382 fine
885 333 984 372 caus-

302 389 338 430 sa
360 390 562 445 plurimun¹
586 392 731 443 semper
759 400 796 429 et
813 404 913 436 meo,
947 400 984 429 et

300 457 382 494 tuo,
405 459 441 485 et
461 447 607 487 senatus
629 447 771 487 iudicio
795 448 981 486 tributum

301 506 364 551 est,
387 506 448 543 vir
467 503 735 543 beneuolentia
765 516 802 543 et
823 504 895 543 fide
925 518 981 542 er·

299 575 344 610 ga
369 560 554 614 populum
577 563 788 599 Romanum
805 559 981 609 singulari

302 630 368 670 15,
389 632 430 669 4,
447 629 543 671 457.
573 620 774 657 Deiotarus
803 631 868 656 rex
894 617 983 657 fide-

297 673 465 721 lissnuus,
497 685 610 727 atque
641 675 876 716 amiciffimus
911 677 982 713 rci-

295 729 471 786 publicae
490 733 540 771 al.
565 731 698 786 populi
718 733 879 771 Romani
917 744 981 784 15,

296 799 337 836 2,
358 801 457 842 452.
483 790 657 829 Deiotari
677 791 808 843 copiae
853 800 916 842 15,
944 801 980 832 Ι,

896 859 926 898 4
941 858 981 886 *2

240 913 375 955 Delabi
409 915 504 954 mihi
533 915 707 968 quotidie
735 916 781 955 ad
812 920 980 969 aequita-

296 982 386 1020 tem,
411 984 446 1012 et
468 972 514 1011 ad
537 987 663 1014 rerum
682 984 856 1013 naturam
878 974 982 1012 vide-

298 1039 360 1069 tur
749 1034 788 1077 6,
809 1044 874 1078 10,
900 1042 980 1084 157

241 1084 424 1126 Deleflor
446 1100 524 1124 meo
539 1084 660 1136 fabia.
688 1090 771 1127 Hoc
801 1101 870 1136 ego
893 1103 980 1126 mco

295 1141 397 1182 sueto
418 1141 528 1181 valde
552 1141 721 1183 delee‘tor
825 1148 911 1196 3,6,
930 1157 980 1197 59

238 1212 438 1255 Deleehim
467 1214 654 1263 remigum
682 1214 883 1254 habuimus
915 1228 981 1262 12,

808 1275 980 1324 13‚236

238 1327 423 1377 Delegaui
443 1324 555 1367 alteri
572 1327 671 1366 hune
689 1327 863 1368 laborem
887 1336 924 1376 8-
944 1341 980 1376 Ι,

896 1397 978 1437 205

239 1437 436 1481 Delenitus
467 1439 656 1481 illecebris
675 1440 883 1495 voluptatis
915 1454 980 1495 15,

299 1499 365 1542 16,
383 1510 479 1549 473.
534 1498 722 1539 delenitus
754 1511 980 1538 commenta-

296 1556 364 1592 riis
384 1553 551 1593 Caesaris
761 1568 827 1603 12,
846 1569 884 1603 2,
900 1559 980 1609 346

241 1625 390 1665 Delere.
437 1628 623 1666 Tuorum
644 1642 731 1676 erga
745 1643 806 1667 me
825 1631 979 1668 merito-

297 1695 381 1720 rum
410 1687 635 1723 memoriam
666 1684 768 1723 nulla
801 1699 980 1738 vmquam

296 1737 438 1778 delebit
458 1740 608 1781 obliuio
628 1756 667 1790 2,
691 1755 727 1790 1,
750 1753 812 1801 31.
853 1739 980 1782 delere

294 1795 468 1848 epistolas
495 1797 671 1838 lacrumis
757 1811 822 1853 14,
848 1812 979 1853 3,437

279 1851 421 1893 elibare
441 1852 587 1910 aliquid
616 1856 662 1897 de
688 1854 800 1894 laude
821 1855 979 1896 alicuius

741 1924 805 1958 10,
818 1926 980 1968 21‚295

243 1979 498 2022 Deliberatio.
548 1985 711 2033 Magnae
739 1983 980 2024 deliberatio-

300 2040 357 2076 nis
388 2041 450 2086 est,
483 2054 581 2092 quae
611 2043 711 2080 ratio
746 2043 786 2080 fit
814 2042 981 2082 incunda

300 2096 412 2135 nobis
445 2111 522 2135 non
553 2098 691 2146 agendi
720 2097 889 2151 aliquid,
918 2099 980 2139 sed

298 2151 402 2191 illius
438 2154 608 2194 concessu
637 2154 852 2208 quiescendi
882 2171 922 2210 4,
943 2161 983 2206 6,

955 2229 978 2248 ο

244 2265 526 2306 Deliberatum.
611 2270 748 2322 Neque
783 2269 840 2309 illi
872 2247 981 2323 quid-

300 2337 414 2375 quam
450 2322 694 2364 deliberatius
737 2326 823 2375 fuit,
853 2343 980 2381 quam,

296 2391 366 2418 etc.
785 2398 819 2438 ς,
837 2399 877 2432 2,
900 2398 982 2439 107

243 2437 466 2477 Deminutio
496 2452 630 2488 magna
661 2438 708 2480 de
727 2444 902 2495 {imperio
928 2443 981 2482 fa-

299 2494 356 2532 &3
812 2514 853 2553 4>
872 2514 909 2550 5⁵
926 2508 979 2553 89

242 2551 489 2589 Deminutum
541 2555 611 2593 erit
656 2555 886 2608 permultum
934 2573 978 2596 ex

298 2622 478 2646 moerore
498 2617 566 2648 tuo
742 2628 777 2662 ς,
809 2619 872 2661 16,
897 2622 974 2663 128

239 2665 393 2703 Dcmifit
417 2666 532 2704 mein
555 2682 642 2706 eum
668 2670 791 2710 casum
809 2672 977 2721 fortuna,

293 2733 347 2768 vr,
371 2735 440 2761 etc.
482 2735 547 2770 10,
571 2732 608 2774 g,
628 2738 726 2781 279.
781 2729 977 2771 demittere

1098 161 1134 201 se
1160 161 1335 202 scientem
1357 174 1412 205 ‘et
1453 165 1678 217 prudentem
1715 179 1776 216 ee,

1098 220 1199 259 vnde
1233 222 1374 260 exitum
1403 222 1530 262 videat
1562 222 1708 262 nullum
1739 230 1778 272 8,

1041 331 1172 372 Demo.
1203 334 1412 385 Demptum
1431 333 1476 374 de
1487 284 1672 388 somnii}
1691 293 1779 376 slis}

1096 388 1265 429 additum
1284 391 1331 428 ad
1359 394 1581 431 memoriam
1609 395 1777 432 nominis

1094 448 1226 493 nostri,
1251 461 1362 499 quam
1393 448 1586 502 demptum
1614 450 1659 489 de
1699 449 1779 489 for-

1096 513 1185 542 tuna
1207 503 1402 544 videretur
1620 519 1707 560 1,7‚
1724 519 1776 550 12

1038 577 1275 614 Democritus
1305 577 1426 614 εἴδωλα
1465 575 1650 629 appellat,
1679 591 1777 629 quae

1095 634 1222 670 Catius
1243 631 1385 686 speeira
1523 646 1587 685 15,
1611 638 1674 679 16,
1689 647 1776 686 472

1037 688 1248 729 Demolitus
1269 691 1318 728 est
1337 700 1484 744 partem
1505 693 1605 730 muri
1629 702 1694 737 12,
1710 702 1777 743 13,

1347 751 1349 756 ¹
1694 759 1776 799 357

1037 803 1250 854 Denegare.
1332 802 1453 840 Potest
1473 803 1566 840 mihi
1589 802 1777 852 denegare

1092 862 1290 913 occupatio
1319 868 1380 897 tua
1405 871 1441 911 5,
1461 869 1526 906 12,
1552 870 1643 912 119.
1693 859 1776 899 nul-

1091 915 1169 954 lum
1215 929 1340 970 neque
1384 915 1608 968 periculum,
1649 930 1775 970 neque

1092 971 1264 1013 laborem
1302 976 1446 1028 patriae
1486 973 1679 1023 denegasse
1709 986 1777 1022 12,

1595 1044 1660 1078 12,
1692 1043 1773 1084 355

1037 1101 1295 1139 Dentmcimv.
1377 1101 1500 1140 Velim
1538 1111 1625 1140 tuos
1658 1101 1773 1141 facias

1091 1159 1286 1203 certiores,
1315 1167 1369 1204 vt,
1399 1159 1424 1197 fi
1452 1157 1543 1212 quid
1576 1160 1645 1197 tibi
1676 1173 1775 1212 opus

1093 1215 1148 1261 fit,
1185 1228 1232 1252 ne
1261 1213 1437 1254 dubitent
1469 1217 1560 1255 mihi
1593 1215 1660 1254 suo
1688 1218 1774 1255 iure

1090 1270 1318 1310 denunciare
1525 1285 1542 1314 1
1555 1284 1589 1325 3,
1607 1285 1677 1326 77,
1689 1286 1774 1326 432

1037 1344 1212 1395 Depello.
1249 1342 1405 1396 Depulit
1428 1358 1559 1383 onmes
1583 1342 1773 1383 molestias
1795 1354 1799 1355 ⁷

1091 1399 1168 1452 ipsa
1188 1402 1287 1439 ratio
1309 1414 1346 1442 2,
1372 1405 1437 1448 16,
1456 1414 1522 1454 45.
1586 1399 1775 1453 depellere

1094 1458 1272 1496 morbum
1291 1468 1333 1509 7,
1353 1462 1422 1504 26,
1448 1469 1540 1510 197.
1569 1457 1775 1510 depellere·

1093 1525 1155 1554 tur
1175 1513 1292 1553 multa
1319 1526 1391 1553 tam
1416 1517 1542 1562 grauis
1563 1513 1775 1555 Valerianis

1093 1572 1296 1625 praeest-us
1328 1585 1365 1624 5,
1387 1583 1450 1618 20,
1476 1582 1566 1626 134.
1634 1570 1776 1624 depulsi

1092 1629 1139 1669 de
1159 1640 1289 1670 vetere
1319 1629 1501 1668 sententia
1619 1640 1707 1682 1,7,
1722 1639 1770 1670 11

1035 1701 1336 1755 Dependendum
1357 1702 1427 1739 tibi
1451 1701 1512 1744 est,
1549 1699 1654 1753 quod
1678 1700 1774 1740 mihi

1092 1772 1163 1812 pro
1189 1757 1259 1797 illo
1290 1756 1522 1810 spopondisti
1594 1769 1630 1804 1,
1658 1769 1697 1808 9,
1726 1764 1772 1805 ¹8

1037 1814 1208 1869 Deposui
1237 1826 1274 1854 et
1303 1816 1395 1853 eieci
1429 1826 1560 1854 omnes
1588 1813 1775 1853 molest-ias

1095 1883 1133 1912 et
1153 1872 1436 1918 sollicitudines,
1462 1883 1531 1911 etc.
1556 1881 1776 1924 ¹4,7,4†2.

1096 1929 1337 1983 deposuimus
1379 1928 1600 1968 simultatem
1641 1943 1680 1974 2,
1708 1941 1775 1981 13,

1095 2001 1163 2039 42.
1208 1988 1356 2039 depone
1372 1988 1533 2039 ineptias
1561 1986 1645 2023 istas
1669 1995 1714 2047 7,
1737 1989 1777 2033 6,
1841 1987 1845 1989 ’

1099 2056 1193 2097 179.
1250 2044 1441 2096 deponere
1476 2057 1628 2082 omnem
1655 2042 1777 2081 oflen-

1094 2103 1234 2141 fionem
1256 2100 1486 2153 suspicionis,
1499 2115 1611 2154 quam
1637 2099 1682 2138 dc
1703 2101 1774 2144 Ly-

1093 2159 1185 2199 sone
1204 2158 1388 2198 habueras
1416 2171 1476 2211 13‚
1498 2172 1565 2211 24,
1587 2169 1681 2211 401.
1712 2155 1774 2194 de-

1095 2230 1239 2270 ponere
1261 2229 1391 2254 omnes
1423 2230 1528 2255 curas
1560 2226 1596 2254 et
1618 2212 1772 2253 dolores

1092 2277 1134 2314 in
1152 2272 1308 2312 alicuius
1330 2272 1501 2312 sermone
1533 2283 1569 2311 et
1590 2272 1774 2310 suauitate

1092 2345 1134 2384 4,
1154 2335 1193 2377 6,
1216 2340 1282 2382 91.
1313 2330 1503 2383 deponere
1523 2329 1717 2384 personam
1728 2338 1772 2378 7,

1096 2401 1161 2441 33,
1178 2400 1270 2436 204.
1315 2390 1551 2441 prouinciam
1576 2399 1612 2439 5,
1626 2399 1662 2432 2,
1680 2396 1769 2435 105.

1099 2448 1189 2487 106.
1233 2444 1423 2496 deponere
1454 2445 1596 2485 sensum
1626 2444 1771 2483 reehun

1072 2504 1133 2542 ¹’in
1164 2502 1355 2554 republica
1393 2503 1542 2541 difficile
1590 2512 1625 2547 1,
1644 2508 1680 2549 8,
1705 2511 1770 2552 13.

1092 2558 1302 2613 deposuisse
1328 2561 1624 2600 aedificationem
1649 2570 1713 2609 13,
1737 2568 1771 2603 1,

1095 2624 1188 2670 381.
1217 2616 1385 2668 dcpofito
1418 2620 1523 2656 omni
1555 2619 1692 2656 timore
1722 2626 1772 2661 11,

1092 2686 1160 2726 23,
1185 2676 1276 2726 336.
1361 2675 1524 2728 deposita
1545 2691 1566 2715 a
1590 2673 1770 2726 Pompeio

1089 2731 1209 2772 cautla
1256 2730 1510 2774 Alexandrina
1567 2744 1597 2779 1,
1647 2744 1684 2784 5,
1729 2740 1770 2783 7.

1573 2790 1765 2846 deponen-
