1881 3173
251 54 413 147 :ivm

412 226 534 290 Iam,
556 205 691 296 ¹quid
711 219 804 275 hac
827 233 962 272 noua
995 217 1220 295 editione
1243 232 1273 270 a
1305 215 1463 270 nobis.
1481 215 1768 288 praestitum

259 323 440 390 fuerit,
478 337 823 395 quantumque
855 315 1117 371 industriae
1144 321 1196 369 in
1221 317 1455 388 suscepta
1481 316 1771 370 recensendi

261 433 521 505 prouincia
554 426 946 487 adhibuerimu5‚
981 424 1152 492 paucis
1183 419 1453 479 edifferam.
1527 425 1689 476 Prima
1721 437 1773 476 et

262 533 591 608 antiquiffima
632 548 747 582 cura
788 526 935 581 nobis
974 524 1098 593 fuit,
1149 539 1204 580 vt
1240 540 1410 579 totum
1459 542 1775 586 commenta—

263 646 397 696 rium
436 639 667 692 adcurate
701 636 1021 700 recognitum
1053 649 1078 684 a
1112 631 1333 696 mendiS,
1373 632 1551 702 quibus
1581 636 1774 702 priores

263 747 532 807 editiones,
569 741 788 793 maxime
811 738 1106 799 Graeuiana,
1139 734 1342 802 scatent,
1367 734 1630 802 diligenter
1659 754 1777 806 pur.

264 820 510 914 garemus.
589 844 774 908 Qare,
811 855 929 890 cum
951 832 1417 908 commodiffimum
1448 834 1619 910 visun)
1642 837 1779 908 esset,

266 946 557 1018 exemplum
584 944 894 998 Graeuianae
926 939 1165 991 editionis
1195 940 1362 1006 operis
1397 937 1780 993 describendum
1833 924 1839 927 7

266 1054 483 1108 tradere:
523 1044 859 1099 neceffitatem
903 1039 1057 1093 nobis
1091 1037 1375 1108 impofitam
1406 1039 1501 1091 effe
1534 1030 1782 1094 intellexi-

268 1173 402 1221 ωας,
437 1150 608 1204 omnia
628 1148 761 1216 prius
782 1160 900 1197 cum
918 1145 991 1193 W
994 1138 1244 1192 echeliana
1266 1139 1519 1206 editione,
1556 1159 1698 1213 quae,
1728 1139 1783 1197 Vt

268 1266 373 1316 iarn
418 1256 662 1316 diximuS,
718 1253 908 1299 Veneta
960 1242 1198 1313 praestat,
1239 1242 1414 1296 sedulo
1473 1244 1782 1301 conferendi.

270 1357 440 1416 Sicubi
460 1371 580 1409 vero
615 1365 795 1402 omnes
829 1346 1077 1398 editiones
1107 1346 1163 1395 in
1192 1344 1382 1396 mendo
1426 1346 1784 1416 conspirarent,

270 1458 555 1516 neceffitate
588 1447 828 1519 compulsi
849 1465 913 1498 ex
937 1441 1364 1508 antecedentibus,
1382 1443 1462 1496 vel
1483 1445 1785 1519 subsequen-

272 1554 443 1620 tibuS,
468 1549 546 1606 vel
581 1563 688 1602 tota
712 1546 954 1599 orat-ionis
989 1542 1112 1594 serie
1144 1539 1306 1594 verbis
1335 1547 1553 1596 Manutii
1581 1551 1788 1618 integri-

276 1671 435 1713 tatem
465 1652 731 1707 conciliare
753 1649 924 1701 sumus
947 1648 1128 1699 eonati.
1204 1648 1298 1712 Sic,
1326 1661 1380 1699 vt
1411 1649 1514 1702 hoc
1539 1669 1642 1704 vno
1665 1664 1790 1732 Vtar,

277 1767 341 1821 ad
360 1757 466 1817 Lib.
491 1760 579 1811 IV.
608 1752 734 1828 epist.
760 1769 824 1804 12.
866 1750 1045 1804 omnes
1067 1751 1314 1803 editiones
1335 1750 1397 1803 fic
1416 1751 1625 1809 habent:
1655 1761 1793 1816 Haec
1841 1787 1845 1789 ·

278 1864 407 1926 modo
427 1859 629 1925 Achaia,
668 1854 878 1931 angusta,
907 1857 1069 1930 inquit
1099 1868 1184 1905 etc.
1277 1858 1422 1922 Quae
1452 1874 1570 1909 cum
1593 1858 1793 1918 sensum

277 1958 387 2022 non
410 1961 642 2027 habeant,
682 1977 745 2012 ex
769 1955 995 2012 Vniuersa
1023 1957 1267 2008 orationis
1298 1957 1421 2009 serie
1455 1961 1523 2011 ita
1553 1963 1793 2019 exhibere

260 2085 389 2135 ¹non
426 2060 790 2117 dubitauimus:
853 2058 984 2109 Haec
1016 2058 1142 2108 modo
1175 2054 1388 2124 Achaia,
1426 2058 1552 2113 modo
1587 2067 1795 2118 Graecia

280 2187 330 2230 et
353 2164 526 2222 Hellas
555 2158 826 2217 vocabatur.
866 2155 1055 2211 Plinius
1083 2153 1163 2210 lib.
1188 2176 1236 2229 4.
1259 2175 1294 2211 c.
1307 2177 1354 2230 4.
1385 2162 1606 2235 angusta,
1634 2169 1797 2241 inquit

282 2279 370 2319 etc.
483 2258 665 2315 Procul
685 2256 842 2311 dubio
874 2258 1011 2308 enim
1044 2255 1122 2308 vel
1153 2255 1485 2327 descriptoriS,
1514 2262 1593 2316 vel
1622 2281 1799 2334 opera-

281 2354 619 2415 rum'incuria
664 2357 826 2409 versus
862 2374 889 2407 e
919 2353 1048 2406 libro
1083 2358 1229 2406 MSto
1266 2360 1483 2410 Manutii
1515 2358 1612 2413 fuit
1644 2363 1799 2416 omis.

283 2470 380 2524 suS.
482 2470 655 2540 Atque
678 2466 825 2520 huius
844 2466 1036 2533 generis
1060 2463 1298 2518 nonnulla
1327 2466 1415 2519 alia
1450 2471 1802 2524 animaduerti-

1670 2596 1802 2649 muS,
