1881 3173
248 182 333 227 932

251 300 339 326 men
361 296 505 337 ponere
527 281 717 329 voluiffet‚
746 280 860 331 legati
887 279 996 319 fuiss‘e

254 342 500 387 omissurum,
548 337 751 381 verisimile
807 351 888 376 non
929 339 993 376 est,

253 401 445 453 postremo
466 411 533 436 cur
571 410 713 435 nomen
739 406 881 449 ponat,
909 408 995 432 cum

254 456 302 496 ad
336 454 562 495 Mescinium
599 445 839 505 quaestorem
886 449 996 488 suum

254 513 402 559 scribat,
421 513 488 563 qui
505 522 544 548 et
566 510 812 562 praefefmm,
834 517 871 546 et
884 505 996 554 alios,-

253 573 319 623 qui
343 583 427 607 cum
454 569 642 605 Cicerone
669 567 711 604 in
739 563 875 605 Cilicia
903 563 994 603 fuis-

251 627 342 673 sent,
368 626 512 679 optime
531 625 718 662 nouerat?

312 711 364 750 Vt
391 720 478 757 tua,
513 722 631 764 quam
663 718 708 747 tu
745 706 992 759 depqsueras,

252 767 420 820 Sextius]
476 765 582 805 Haec
607 766 659 804 est
683 763 927 817 antiquissimi
949 762 994 801 li-

249 822 458 870 bri'lefflm
487 836 531 861 ex
562 837 636 876 qua
664 818 760 860 nihil
788 822 992 859 immutan-

250 882 355 929 dum,
393 891 432 919 vt
475 879 690 920 florentini
733 877 990 917 crediderunt.

251 941 302 979 est
323 948 449 978 autem
469 936 605 977 sensuS.
677 938 803 985 Qam
834 946 904 986 ego
929 947 992 988 pe·

250 998 398 1036 cuniam
437 993 608 1048 deposui,
637 994 838 1047 Pompeius
866 993 991 1031 abstu-

252 1053 316 1093 lit:
346 1066 461 1106 quam
482 1062 536 1099 tu,
566 1053 723 1090 Sextius.
767 1049 870 1102 quod
896 1063 992 1087 vcro

251 1111 297 1149 de
319 1124 394 1156 tua,
424 1123 499 1162 qua
516 1111 661 1149 Sextius
689 1109 739 1147 est
763 1106 862 1155 vsus,
889 1104 974 1144 solli

253 1171 347 1207 citus
378 1181 438 1214 es,
477 1177 682 1220 propterea
724 1163 830 1217 quod
861 1162 995 1202 adscri-

252 1237 359 1279 ptum
380 1237 552 1277 cuperes,
571 1237 592 1261 a
615 1233 652 1261 te
680 1220 777 1261 iussu
804 1235 890 1260 meo
922 1218 995 1258 effe

253 1281 481 1335 depositam:
517 1279 564 1323 de
600 1278 684 1326 hoc,
718 1280 865 1331 inquit,
891 1276 995 1330 quod

250 1339 417 1385 labores,
447 1335 544 1376 nihil
567 1338 629 1376 est.
664 1337 735 1375 erit
764 1337 866 1374 enim
892 1334 994 1373 sena·

253 1408 312 1435 tus
335 1393 562 1441 consultum,
583 1403 695 1432 erunt
716 1403 803 1431 tuae
833 1390 997 1438 litterae,

255 1467 348 1506 quae
377 1454 574 1504 pecuniam
596 1452 702 1489 istam
726 1450 852 1487 Sextio
883 1448 996 1486 tradi-

255 1523 327 1548 tam
349 1508 422 1547 effe
451 1509 695 1548 testabuntur.

313 1597 356 1635 Ιιι
382 1596 544 1647 pecunia
570 1592 709 1632 exafia
745 1595 804 1631 ita
828 1589 993 1645 qffbrre]

254 1657 304 1694 Ex
320 1655 501 1691 varietate
521 1650 686 1689 duorum
713 1649 884 1688 codicum
905 1649 995 1687 haec

257 1711 369 1749 lec'tio
391 1709 535 1762 sumpta
555 1708 618 1746 est.
648 1709 753 1745 cuius
775 1707 836 1745 hic
847 1707 897 1745 est
917 1705 993 1745 sen·

255 1767 326 1806 sus.
428 1766 651 1805 prouinciae
670 1766 994 1802 rationesCicero

257 1823 449 1863 retulerat.
491 1822 532 1861 id
563 1823 644 1860 eius
670 1822 847 1874 quaestor
874 1820 996 1859 Rufus

257 1882 293 1921 se
313 1880 464 1920 absente
485 1881 569 1918 fieri
586 1877 784 1917 noluerat:
812 1880 998 1932 pecuniae

257 1940 359 1980 enim
382 1937 504 1976 nescio
521 1935 614 1989 quid
629 1949 651 1974 a
679 1935 716 1974 se
732 1937 773 1973 in
793 1937 995 1988 prouincia

256 1997 429 2036 exaetum
451 1996 493 2033 in
517 1992 621 2032 libro
654 1994 849 2041 rationum
883 1991 995 2030 scribi

257 2053 444 2106 cupiebat,
473 2052 711 2099 existimans,
740 2049 808 2088 nifi
835 2048 874 2088 id
907 2063 993 2088 cum

253 2110 413 2163 reliquis
432 2109 627 2148 Ciceronis
643 2107 857 2145 rationibus
879 2105 995 2144 refer·

255 2179 375 2214 retur,
398 2168 481 2205 eius
501 2166 557 2203 rei
581 2166 802 2217 potestatem
834 2163 869 2202 fe
890 2164 994 2201 dein-

255 2239 340 2278 ceps
361 2238 438 2262 non
460 2223 699 2261 habiturum:
731 2220 836 2272 quod
856 2222 890 2259 ei
903 2219 992 2258 fuis-

255 2282 309 2321 set
327 2280 509 2323 inuidiae,
535 2279 636 2330 quafi
661 2277 852 2331 publicam
881 2291 994 2330 pecu-

255 2341 356 2378 niam
406 2335 582 2376 voluiffet
625 2348 813 2374 auertere.
861 2337 992 2387 itaque

575 169 815 222 μ’ΛνιιῙ
849 167 1137 208 MANVTII
1175 143 1445 204 §0140in

1052 288 1265 319 commotus
1285 279 1348 318 est.
1406 277 1543 315 Cicero
1568 284 1789 315 autemnon

1052 337 1124 376 effe
1152 337 1226 382 ait,
1254 350 1321 374 cur
1356 333 1549 373 irascatur.
1588 346 1677 371 nam
1700 330 1790 370 ¹licet

1051 392 1131 446 ipse
1160 394 1325 432 rationes
1355 394 1433 430 iam
1461 387 1657 434 retulerit,
1688 386 1789 426 Rufo

1053 460 1179 490 tamen
1198 448 1415 488 facultatem
1433 461 1511 486 non
1527 447 1643 484 adimi
1661 445 1706 483 de
1729 456 1791 497 pe·

1052 509 1163 558 cunia
1199 505 1403 555 referendi,
1444 519 1556 558 quam
1603 503 1790 551 exegiss‘et.

1052 566 1096 602 In
1119 565 1293 616 pecunia,
1314 563 1481 615 inquit,a
1504 572 1539 600 te
1561 562 1688 598 exac'ta
1711 572 1792 596 non

1051 634 1218 673 aequum
1239 618 1327 667 fuit,
1351 633 1396 657 ex
1417 633 1462 657 eo
1479 617 1581 672 quod
1603 631 1673 666 ego
1687 628 1790 654 meas

1050 681 1220 717 rationes
1239 675 1449 722 retulerim,
1485 686 1526 714 vt
1545 676 1596 713 ita
1618 688 1655 713 te
1683 673 1792 712 effer-

1049 749 1122 782 reS,
1158 736 1286 787 itaque
1316 747 1463 772 mecum
1491 730 1719 778 insolenter,
1755 739 1791 768 ct

1048 792 1231 832 iracunde
1255 804 1396 840 ageres.
1427 803 1551 842 neque
1572 791 1697 835 enim,
1725 799 1792 826 cur

1048 849 1088 888 id
1107 848 1234 895 facias,
1257 847 1376 888 caussa
1404 845 1479 885 vlla
1501 847 1573 884 est:
1612 847 1677 884 nifi
1698 842 1792 898 qnid

1049 921 1110 945 me
1131 905 1252 945 fallit:
1291 905 1376 944 sunt
1403 905 1506 943 enim
1534 901 1601 942 alii
1637 905 1794 956 peritio-

1052 978 1125 1003 res.

1105 1049 1168 1089 Ex
1187 1048 1392 1100 prouincia
1421 1043 1661 1101 deccffbmus]
1719 1045 1795 1082 Ve-

1050 1108 1136 1145 tusti
1179 1105 1326 1144 codices
1366 1117 1520 1149 omneS,
1557 1100 1793 1153 decessimus,

1049 1164 1201 1202 habene.
1230 1176 1315 1208 nos,
1351 1175 1427 1199 vna
1475 1159 1599 1198 littera
1644 1162 1658 1198 ι’
1696 1161 1736 1198 in
1772 1173 1794 1198 e

1050 1229 1294 1265 commutata,
1304 1215 1517 1270 decqsfi'mm
1542 1230 1613 1270 pro
1630 1214 1794 1268 deceffi'fi

1038 1278 1170 1327 semus
1199 1291 1219 1316 e
1243 1275 1347 1315 sensu
1377 1274 1598 1327 scripsimus.
1633 1273 1699 1312 alii
1733 1287 1793 1311 co·

1052 1333 1142 1373 dicis
1167 1335 1317 1386 antiqui
1339 1332 1556 1376 leffionem,
1593 1341 1690 1383 quae
1710 1344 1795 1384 par-

1051 1405 1099 1430 va
1122 1393 1284 1430 omnino
1320 1389 1516 1438 diligentia
1549 1389 1693 1428 restitui
1724 1401 1792 1440 po-

1053 1450 1140 1495 tuit,
1161 1450 1203 1486 in
1227 1447 1335 1486 suum
1360 1446 1501 1485 librum
1535 1447 1792 1484 coniecerunt.

1204 1548 1514 1586 EPISTOLA
1544 1547 1644 1584 XXI.

1108 1617 1308 1657 Commoda
1339 1617 1494 1671 munia]
1582 1613 1720 1655 Melius
1741 1616 1795 1655 ita

1052 1678 1206 1728 opinor,
1241 1689 1354 1727 quam
1399 1676 1611 1714 communia
1652 1675 1792 1713 omnia.

1051 1735 1180 1786 itaque
1204 1731 1297 1770 olim
1322 1732 1585 1784 impreffimus,
1615 1731 1728 1770 secuti
1749 1729 1793 1769 li-

1054 1790 1146 1829 bros
1176 1788 1324 1841 aliquot
1362 1788 1661 1841 nianuscriptm,
1698 1802 1791 1841 quo-

1051 1861 1138 1886 rum
1160 1861 1273 1885 vnum
1295 1846 1380 1884 sane
1414 1849 1683 1899 perantiquum
1702 1848 1792 1886 Hie-

1051 1917 1234 1949 ronymus
1264 1906 1458 1943 Ferrarius
1477 1903 1612 1942 habet.
1669 1914 1675 1917 “

1109 1992 1275 2030 Etenim
1300 2004 1386 2028 cum
1425 1987 1532 2042 cffit]
1622 1986 1717 2035 Alii,
1749 1998 1792 2028 vt

1050 2049 1164 2095 enim,
1182 2061 1294 2099 quam
1316 2047 1520 2086 leciionem
1541 2059 1609 2084 nos
1628 2059 1706 2084 non
1727 2044 1791 2083 ad·

1051 2105 1210 2144 modum
1231 2106 1439 2157 probamus
1453 2101 1654 2157 :particula
1674 2104 1790 2150 enim,

1049 2173 1118 2208 vt,
1157 2175 1255 2215 quae
1298 2160 1546 2214 respondeat,
1585 2174 1662 2199 vox
1710 2174 1792 2200 non

1050 2221 1135 2258 erit.
1211 2221 1268 2256 Ex
1310 2217 1440 2257 codice
1479 2220 1598 2267 igitur
1630 2220 1791 2256 Bernar-

1049 2276 1131 2314 dini
1184 2274 1343 2324 Maffei‚
1391 2278 1544 2324 etenim,
1573 2274 1792 2315 emendaui·

1045 2347 1143 2373 mus.

1713 2895 1785 2934 EX
