1881 3173
553 169 624 211 ΙΝ
659 168 775 211 cic,

21 332 24 334 ,
82 283 128 324 Ι..
147 282 262 323 Cotta
280 279 388 322 fatali
410 281 574 335 quadam
599 281 832 337 desperatio·

141 354 188 379 ne
211 342 336 379 minus
352 342 390 378 in
415 339 584 380 senatum
609 344 716 380 venit
737 340 829 381 thid.

85 397 130 438 L.
165 400 294 436 Lamia
321 397 369 436 ab
403 399 446 435 A.
481 399 649 437 Gabinio
677 396 832 438 consule

142 454 344 503 relegatus,
366 452 472 506 quod
504 453 625 494 libere
653 468 690 495 et
721 453 831 494 forti-

140 522 200 551 ter
227 510 381 549 szlutcn-
417 513 616 551 (iccronis
643 510 832 552 defendis-

0 575 2 633 ἰ
30 594 32 598 -
142 567 196 606 set
245 579 309 612 12,
346 579 412 620 29,
444 571 538 621 376.
603 571 646 609 L.
699 571 831 610 Lamia

0 636 1 645 ¹
144 635 360 678 praeturam
375 627 471 677 petit
587 636 605 667 1
617 638 654 674 1,
673 629 733 674 ι6,
748 637 831 680 330

85 697 131 736 L.
155 695 322 735 Lucilius
655 709 693 751 3,
717 710 754 751 ς,
778 710 838 751 57⁴

85 755 130 792 L.
155 756 323 800 Murcus,
341 763 379 792 et
394 755 447 803 Q
464 753 619 810 Crispus
647 758 741 808 lmp.
767 766 833 802 12,

664 823 683 853 I
698 826 707 853 Ι
719 842 729 858 ,

88 867 135 906 1..
158 866 330 919 Papirius
351 866 495 907 Cursor
524 870 699 918 magister
728 823 831 922 c<31151i3

145 933 227 962 tum
254 936 293 976 9,
314 936 381 970 21,
396 928 476 979 263
508 929 549 965 L.
564 928 732 980 Papirius
746 929 831 965 Mu

146 980 309 1029 gillanus
363 982 494 1021 consul
528 998 614 1023 cum
651 986 693 1028 Ι..
731 985 833 1022 Sem-

147 1040 289 1092 pronio
310 1041 486 1079 Atratino
739 1039 834 1080 ibid.

88 1112 132 1151 L.
156 1108 304 1148 Paullus
326 1109 422 1148 duos
444 1111 543 1150 filios
580 1104 723 1167 se'ptem
757 1110 835 1150 die-

145 1169 215 1207 bus
247 1167 366 1206 amitit
657 1183 698 1223 4,
719 1168 758 1216 6,
781 1179 831 1220 91

88 1225 133 1263 L.
173 1226 419 1278 bempronius
459 1227 654 1265 Atratinus
693 1238 731 1281 9,
767 1235 835 1271 21,

754 1284 807 1323 26

88 1338 132 1378 L.
152 1335 335 1376 Tulleius
367 1333 511 1386 legatus
535 1337 736 1376 Ciceronis
772 1293 838 1390 153,

713 1423 724 1441 2
814 1401 836 1443 8

89 1452 134 1490 L.
154 1448 329 1490 Valerius
351 1448 631 1489 iureconsultus
672 1406 839 1504 ‘21:24

88 1521 396 1563 Luculentissima
418 1523 517 1572 legio
599 1535 660 1571 ιο,
672 1523 754 1576 24,Ι
767 1535 839 1570 300

92 1579 279 1622 Ludibrio
303 1579 455 1618 laedere
477 1582 653 1634 aliquem.
698 1583 839 1633 Neque

151 1651 212 1675 me
248 1635 440 1674 absentem
487 1635 659 1676 ludibrio
696 1637 840 1676 laesum

150 1695 199 1731 iri
229 1695 478 1731 existimaram
634 1705 672 1746 5,
701 1705 738 1740 1,
768 1705 842 1745 ¹04

95 1749 320 1790 Limibundi
358 1751 405 1788 ad
437 1750 677 1795 Hydruntem
708 1764 842 1803 perue-

156 1810 282 1845 nimus
615 1810 675 1854 16,
697 1819 734 1860 9
756 1809 842 1860 486

97 1863 221 1905 Ludo.
261 1863 431 1902 Lufimus
465 1862 530 1902 illa
565 1863 782 1953 superiora
801 1874 843 1915 9,

671 1925 783 1967 16‚2
792 1927 841 1973 58

101 1990 246 2033 Ludus.
276 1990 375 2030 Ludi
397 1991 589 2031 Circenses
617 1998 655 2040 8,
673 2004 734 2038 12,
747 1998 844 2039 228

158 2051 321 2088 Romani
345 2055 381 2097 8,
407 2055 444 2097 8,
466 2053 560 2092 216.
591 2048 726 2088 scenici
740 2061 782 2101 7,
809 2060 846 2094 1,

652 2118 745 2158 170.
766 2117 846 2158 172

102 2166 249 2213 Lugere
262 2159 493 2215 reipublicae
505 2171 693 2215 tempora,
707 2174 744 2201 et
757 2160 851 2200 alio·

159 2235 246 2261 rum
273 2221 475 2258 vie-“loriam
498 2237 533 2266 a,
558 2233 596 2272 5,
617 2231 685 2272 90.
743 2218 849 2258 nulla

162 2291 346 2330 vmquam
368 2274 440 2315 fuit
465 2275 596 2316 liberis
616 2276 752 2315 amiffis
774 2286 849 2314 tarn

160 2332 356 2375 imbecillo
395 2332 535 2373 mulier
574 2336 719 2381 animo,
749 2346 848 2385 quae

164 2406 243 2431 non
265 2389 473 2444 aliquando
507 2389 664 2440 lugendi
691 2390 849 2429 modum

622 2450 848 2501 5‚16.128

109 2504 297 2559 Lupercal
617 2516 659 2558 7,
678 2516 746 2550 20,
773 2515 850 2556 191

110 2559 286 2604 Lustrato
306 2563 473 2600 exercitu
639 2560 856 2613 15‚4‚456

113 2619 308 2672 Lustrum,
342 2618 503 2671 Reliqua
520 2616 728 2672 superioris
749 2617 856 2656 lustri

651 2687 693 2721 2,
718 2686 781 2727 13,
800 2684 854 2725 43

115 2735 217 2774 Lux.
246 2734 290 2771 In
315 2732 382 2769 ista
401 2730 483 2769 luce
505 2732 596 2770 viue
667 2743 705 2776 2
723 2741 786 2778 12,
799 2743 855 2783 42

117 2792 299 2854 Lynceus:
327 2790 422 2838 Qis
470 2790 523 2827 est
558 2800 635 2826 tam
673 2790 856 2832 Lynceus,

173 2848 243 2900 qui
289 2847 331 2885 in
387 2846 500 2885 tantis
549 2844 718 2886 tenebris
759 2842 860 2887 nihil

165 2448 299 2489 fecerit

815 169 1004 209 EPIST.
1033 169 1170 210 ΒΑΜ.

943 281 1129 331 offendat,
1148 295 1338 337 nusquam
1367 285 1562 323 incurrat?
1591 295 1633 336 9,

1493 347 1632 392 2238

888 399 1068 454 Lysippus
1399 409 1436 451 ς,
1464 409 1528 445 12,
1554 408 1630 439 121

1229 510 1287 550 M.

891 623 1122 722 Magistri
1185 595 1364 663 cenandi*
1399 623 1551 662 Hirtius
1598 632 1635 662 et

1023 678 1223 720 Dolabella
1418 693 1458 733 9,
1474 691 1539 727 ΙΙ),
1550 691 1637 733 257

890 740 1136 788 Magnificum
1157 738 1198 777 fit
1217 747 1255 777 et
1273 735 1432 784 lautum,
1444 738 1550 791 quod
1562 741 1639 792 erit

1400 807 1441 848 9,
1463 799 1529 842 16,
1549 801 1633 847 258

889 849 1117 900 Magnitudo
1148 861 1185 890 et
1213 852 1270 890 vis
1296 856 1440 891 amoris
1477 866 1518 899 2,
1528 865 1569 905 7,
1584 855 1639 904 36

890 909 1127 963 Magnitudo
1152 909 1294 948 hiemis.
1324 911 1482 964 Propter
1500 897 1639 950 hiemis

945 953 1247 1014 magnitudinem
1267 967 1413 1007 tamdiu
1426 966 1522 1005 nihil
1544 967 1640 1005 noui

946 1022 994 1061 ad
1016 1036 1086 1060 nos
1112 1021 1346 1063 afferebatur
1429 1035 1639 1078 2‚14‚44

891 1098 1127 1146 Magnopcre
1148 1093 1332 1134 vellemus
1469 1108 1508 1139 2,
1523 1098 1562 1140 6,
1585 1104 1642 1144 34

894 1155 1060 1199 Magnus
1086 1153 1229 1189 amicus
1260 1163 1302 1204 7,
1324 1164 1393 1204 29,
1412 1163 1510 1193 200.
1564 1164 1642 1188 ma-

950 1220 1024 1256 gna
1045 1208 1116 1246 tibi
1134 1208 1226 1246 haec
1255 1207 1327 1248 ess'e
1359 1209 1502 1259 debent
1522 1207 1570 1246 acl
1590 1206 1643 1246 le·

952 1263 1095 1303 vandas
1119 1264 1309 1303 molestias
1336 1275 1417 1304 tuas
1439 1278 1479 1317 4,
1505 1276 1544 1315 3,
1570 1271 1637 1317 84.

951 1322 1138 1360 maiorem
1168 1324 1208 1359 in
1236 1322 1395 1361 modum
1433 1336 1454 1360 a
1483 1333 1520 1360 te
1551 1334 1643 1374 peto

956 1389 1022 1429 13,
1045 1390 1116 1429 24,
1138 1390 1235 1427 401.
1282 1382 1467 1419 maiorem
1492 1390 1641 1431 partem

952 1434 1050 1473 nihil
1095 1449 1229 1473 curare
1268 1434 1364 1475 soles
1423 1443 1461 1484 8,
1483 1448 1522 1488 9,
1544 1447 1642 1477 222.

948 1494 1124 1530 maximis
1151 1494 1356 1532 itineribus
1421 1505 1534 1546 15‚4
1506 1498 1641 1545 4,.÷58

893 1565 1098 1602 Maiestatis
1138 1565 1282 1603 crimen
1448 1574 1642 1615 3‚11,75

895 1618 998 1660 Male
1020 1621 1140 1673 pacati
1165 1623 1237 1660 vici
1437 1632 1494 1673 15,
1509 1632 1644 1672 42459

896 1676 1134 1718 Maledicere
1153 1679 1282 1716 altari.
1326 1676 1501 1716 Solutum
1525 1678 1648 1715 existi-

955 1745 1083 1773 matur
1104 1734 1176 1773 ess'e
1197 1735 1308 1773 alteri
1327 1734 1565 1779 maledicere,
1593 1743 1647 1772 ta-

955 1805 1042 1830 men
1064 1792 1276 1830 caucndum
1299 1794 1362 1839 est,
1392 1804 1440 1830 ne
1470 1792 1512 1828 in
1537 1801 1647 1843 petu-

956 1847 1113 1887 lantiam
1143 1850 1287 1887 incidas
1435 1847 1475 1894 6,
1496 1859 1536 1900 7,
1564 1858 1646 1899 152

900 1905 1157 1956 Maquhcere.
1203 1904 1386 1945 Dalmatis
1419 1904 1474 1942 dii
1494 1901 1649 1942 malefa-

957 1965 1059 2001 ciant
1440 1974 1478 2014 ς,
1505 1973 1554 2007 11,
1581 1966 1646 2008 118

900 2030 1180 2072 Maleuolentia
1216 2034 1258 2073 in
1300 2032 1460 2075 tabellae
1499 2029 1650 2070 latebra

955 2088 1175 2129 abscondita
1479 2117 1490 2135 ‚
1514 2100 1574 2136 12,
1590 2099 1650 2141 77

904 2146 1091 2188 Malum:
1119 2147 1238 2186 Mala
1256 2145 1487 2186 orbiculata.
1536 2144 1651 2183 Malis

963 2201 1187 2243 orbiculatis
1210 2206 1302 2257 pasti
1429 2209 1467 2250 8,
1488 2213 1543 2254 15,
1566 2213 1653 2254 232

907 2259 1032 2302 Malus
1060 2262 1209 2299 animus
1241 2274 1376 2299 eorum
1410 2262 1448 2298 in
1483 2260 1652 2296 nostram

960 2316 1119 2357 salutem
1147 2329 1208 2366 12,
1230 2330 1288 2372 14,
1311 2323 1405 2370 358.
1435 2314 1535 2354 mala
1559 2325 1654 2354 tem·

962 2389 1105 2429 porum
1441 2373 1481 2419 6,
1510 2385 1549 2417 2,
1575 2384 1652 2424 142

908 2446 1092 2488 Manabat
1112 2444 1207 2484 illud
1231 2442 1372 2483 malum
1395 2444 1596 2491 vrbzmum,
1615 2451 1653 2481 et

964 2505 1018 2543 ita
1042 2504 1368 2542 corroborabatur
1397 2500 1586 2553 quotidie,
1612 2510 1655 2539 vt

967 2573 1039 2609 ego
1060 2560 1148 2600 vrbi
1178 2571 1214 2599 et
1240 2562 1323 2599 otio
1354 2558 1566 2596 diffiderem
1592 2570 1657 2595 vr-

966 2618 1070 2657 bano
1334 2625 1657 2667 12‚1‚344.345

913 2676 1092 2726 Manceps
1442 2683 1479 2722 5,
1492 2682 1560 2716 20,
1583 2682 1656 2721 134

914 2733 1148 2784 Mancipium
1170 2740 1213 2783 7,
1233 2740 1302 2780 29,
1322 2739 1408 2780 199.
1463 2728 1659 2791 mancipio

972 2799 1010 2827 et
1035 2800 1136 2827 nexu
1175 2787 1377 2839 proprium
1408 2782 1503 2822 alim.
1497 2786 1566 2821 ius
1614 2794 1657 2834 7,

1488 2853 1551 2892 30,
1577 2851 1658 2880 200

915 2901 1042 2940 Aean
1071 2911 1099 2941 2
1473 2896 1659 2936 Mandat-e
