1881 3173
111 86 113 88 ’
151 100 255 150 “793
378 85 929 131 PAVLLIOEWANVTII
966 87 1486 132 COMMENTARIVS

163 205 289 264 floris
305 217 392 244 cum
409 214 585 256 praetore
598 203 672 256 suo
692 200 913 254 usceffitudo
937 204 1154 254 exponitur.
1194 200 1359 250 Deinde,
1384 204 1487 259 origo
1509 205 1719 254 amicitiae,

176 274 216 304 et
241 263 430 302 Varronis
451 273 542 316 erga
553 259 598 312 se
627 258 748 313 officia
779 269 1013 298 narrantur.
1096 260 1274 314 Sequitur
1302 260 1349 299 de
1379 261 1489 300 illius
1526 263 1720 316 modestia,

172 320 398 375 prudentia,
427 315 709 364 moderatione,
736 315 956 371 diligentia,
988 315 1177 369 indistria
1203 315 1469 369 testimonium.

178 376 376 431 epistolam
398 375 539 426 ‘petitio
562 373 784 428 generalis.-
814 381 860 412 vt
902 372 1115 411 Varronem
1151 373 1296 411 Brutus
1334 375 1436 413 omni
1474 373 1722 416 liberalitate

178 433 465 485 compleflatur.
481 431 636 482 scripta
657 428 818 480 Caesare
836 428 913 468 111.
939 437 978 468 et
996 426 1135 479 Lepido
1161 427 1241 482 coffi
1256 428 1360 483 quod
1375 444 1426 469 ex
1442 429 1510 470 lib.
1522 433 1554 472 ὅ.
1575 432 1730 486 epist.6.

179 501 219 531 et
238 488 345 535 libra,
368 490 434 542 qui
450 487 599 525 Orator
619 484 863 538 infit-ibitur,
883 500 916 529 c.
926 498 977 525 ιο.
1005 494 1215 538 praeterea
1250 499 1296 526 ex
1314 487 1548 537 Plutarcho,
1575 481 1725 543 Appia-

179 560 300 602 noque
319 544 563 599 intelligitur.

706 676 1208 719 EXPLANATIO.

1558 311 1721 360 “claudit
1764 365 1769 368 ,
1810 342 1822 347 ’-

183 783 241 863 Λ
314 769 458 824 Varro]
495 771 757 810 Romanorum
793 770 928 810 doeiis-

283 843 296 857 ·
330 831 454 876 sunus,
476 830 582 867 cuius
607 827 723 866 hodie
745 827 835 867 libri
866 836 928 869 ex-

183 891 279 929 stant
300 886 346 927 de
363 900 404 925 re
424 887 571 933 rustica,
592 896 629 924 et
653 884 699 923 de
719 883 849 935 lingua
860 890 930 925 La-

183 948 278 986 tina.
305 942 532 983 intercidere
554 941 724 995 plurimi.

246 1014 478 1055 Liberorum
496 1012 777 1066 necqffitudini]
815 1015 927 1068 Epist.

185 1073 258 1117 25.
283 1083 318 1111 et
347 1073 390 1110 in
410 1072 659 1110 Divinatione
686 1085 715 1109 c.
734 1082 795 1124 19.
818 1083 857 1112 et
885 1075 929 1111 in

186 1139 284 1171 orat.
306 1143 378 1182 pro
398 1126 549 1166 Plancio
584 1142 613 1168 c.
628 1139 647 1169 1
661 1139 697 1169 1.

245 1187 338 1226 Cum
362 1187 530 1237 primum
565 1186 606 1223 in
633 1184 766 1238 forum
794 1183 927 1237 venit]

188 1245 306 1292 Toga
327 1240 432 1281 virili
455 1241 613 1294 sumpta,
641 1255 737 1293 quae
760 1240 930 1281 sumeba-

188 1312 253 1341 tur
272 1303 429 1339 ineunte
455 1301 587 1337 aetatis
615 1312 717 1337 anno
740 1301 859 1338 Xvu.
890 1302 932 1338 in

187 1358 318 1398 forum
337 1357 458 1403 ibant,
477 1366 518 1394 vt
548 1367 721 1394 oratores
743 1355 931 1407 audirent,

188 1428 333 1467 eosque
355 1412 539 1452 discerent
557 1414 714 1451 imitari.

249 1486 304 1525 Vt
315 1485 360 1535 fi’
384 1482 665 1536 corroborauit]
704 1487 754 1523 Vt
775 1483 822 1522 ad
842 1485 934 1523 viri-

193 1541 270 1582 lern
300 1553 463 1581 aetatem
483 1540 639 1580 acceffit.
698 1542 756 1579 Sic
776 1543 817 1579 in
836 1550 933 1580 orat.

189 1613 263 1655 pro
284 1597 421 1638 Coelio
442 1612 468 1636 c.
488 1610 523 1650 5.
612 1599 706 1637 Cum
737 1600 768 1636 is
795 1601 875 1638 iam
889 1598 936 1648 fi’

193 1652 519 1709 corroboraufft,
537 1668 583 1693 ae
613 1656 677 1693 vir
701 1657 807 1695 inter
834 1657 938 1695 viror

194 1710 290 1768 (sset.
364 1715 407 1751 Et
436 1714 477 1752 in
500 1710 631 1750 eadem
663 1725 692 1752 c.
720 1723 778 1765 17.
863 1725 938 1751 non

194 1769 305 1811 modo
335 1768 426 1808 haec
461 1780 587 1815 aetas,
603 1765 683 1818 sed
713 1772 827 1808 etiam
858 1770 939 1808 iam

195 1827 458 1871 corroborata,
477 1825 516 1863 id
536 1826 597 1871 est,
613 1836 692 1864 non
709 1824 827 1865 modo
848 1826 939 1865 ado-

192 1882 387 1930 lescentes,
418 1881 479 1921 sed
496 1883 610 1920 etiam
639 1884 727 1922 viri.
813 1886 856 1922 Et
885 1882 942 1922 su-

186 1954 266 1996 pra
293 1939 465 1979 eiusdem
493 1940 681 1978 orationis
707 1940 821 1979 initio
850 1953 878 1978 c.
901 1950 938 1989 3.

198 2012 279 2044 eos,
299 1998 366 2049 qui
388 2010 482 2043 non,
515 2006 557 2036 vt
581 1996 708 2035 Coelii
735 1996 939 2043 accusator,

198 2053 453 2094 adolescentes
473 2053 601 2103 essent,
619 2052 680 2093 sed
709 2056 797 2099 viri,
828 2053 940 2093 rolm-

182 2111 329 2168 stiores
350 2109 571 2163 appellauit.
623 2109 728 2150 Alibi
752 2113 865 2149 etiam
898 2112 939 2148 in

198 2170 294 2210 hanc
317 2167 539 2207 sententiam
558 2166 693 2206 eodem
715 2170 836 2208 verbo
856 2166 942 2207 Vsus

199 2227 263 2266 est.
324 2224 419 2264 Inde
443 2226 536 2264 fobu
572 2239 595 2262 a
615 2235 736 2263 aetus.

258 2297 301 2335 ln
322 2296 388 2335 hoc
398 2294 526 2347 studio
553 2294 696 2348 nostro]
753 2294 944 2349 Eloquen-

201 2356 290 2401 tiae,
309 2367 385 2391 non
408 2351 685 2406 philosophiae.

259 2411 387 2450 Etiam
403 2410 520 2464 nunc]
607 2411 713 2448 Licet
733 2408 871 2448 afflieta
887 2423 944 2448 re·

201 2465 368 2521 publica,
397 2480 472 2519 qua
505 2470 623 2507 stante
664 2465 945 2506 delectabamur

201 2522 326 2564 multo
350 2525 481 2572 magis.

259 2590 535 2647 Deleflamur]
591 2594 686 2645 N0.¹¹
725 2593 880 2644 agendis
905 2595 946 2633 in

201 2650 292 2692 foro
317 2651 457 2697 caustis,
488 2648 550 2689 sed
581 2651 740 2703 priuatis
767 2653 945 2691 exercita-

202 2708 397 2755 tionibus,
435 2707 480 2746 de
514 2708 654 2760 quibus
685 2706 751 2749 lib.
769 2720 808 2763 7.
841 2709 944 2765 epist.

200 2776 269 2820 33.
288 2775 326 2805 ct
358 2763 424 2806 lib.
434 2774 474 2820 9.
495 2765 597 2822 epist.
614 2769 679 2814 18.

1042 766 1224 818 Necsine
1240 763 1451 822 indestria]
1481 767 1566 809 Nee
1587 770 1664 818 sita,
1683 779 1728 811 vt

983 823 1182 874 langueret
1203 826 1242 862 in
1265 824 1361 873 otio,
1373 825 1580 866 domestico
1602 838 1639 866 et
1651 829 1729 881 pri-

983 893 1074 922 vato
1091 879 1213 919 studio
1243 879 1404 928 deditus,
1428 881 1492 922 sed
1521 883 1659 924 caussas
1686 887 1730 923 in

983 938 1074 979 foro
1092 948 1232 987 ageret.
1267 937 1451 979 industria
1480 943 1584 980 enim
1610 943 1730 981 aetio-

984 1010 1033 1035 ne
1068 994 1317 1044 cognoscitur.

1040 1067 1225 1114 Mature]
1268 1093 1278 1096 >
1308 1067 1423 1108 Cito:
1471 1068 1577 1124 quod
1625 1071 1733 1111 auxit

983 1138 1155 1163 amorem
1174 1135 1312 1162 meum.

1043 1195 1117 1234 Sed
1141 1196 1286 1245 tamen]
1324 1199 1588 1250 *Quamquam
1614 1201 1732 1240 maxi-

986 1252 1058 1291 mis
1082 1250 1228 1289 damnis
1255 1250 1413 1292 affeetus
1436 1255 1506 1293 fit:
1539 1264 1582 1294 ea
1605 1268 1733 1296 tamen

988 1307 1108 1347 cauffa
1127 1307 1216 1347 fecit
1235 1310 1442 1349 amicitiam
1474 1314 1641 1352 nostram
1671 1315 1736 1354 fir·

988 1379 1164 1406 imorem.

1045 1435 1122 1490 Segi
1140 1447 1268 1476 tamen
1290 1435 1417 1490 cauffiz
1443 1441 1648 1491 communis
1676 1436 1738 1480 oi·-

989 1491 1112 1545 dinis]
1144 1493 1322 1546 Plerique
1351 1506 1498 1535 veteres
1524 1495 1640 1544 libri,
1658 1496 1739 1548 sed

990 1562 1119 1590 tamen
1156 1553 1364 1591 communis
1408 1554 1581 1593 'ordinis-.-
1627 1552 1734 1607 quod

993 1606 1215 1646 mendosum
1238 1611 1311 1648 esle
1330 1611 1495 1648 constat:
1533 1612 1662 1663 itaque
1684 1610 1738 1650 le·

993 1664 1155 1713 gendum
1178 1668 1341 1719 putabat·
1358 1666 1567 1706 Vbaldinus
1601 1667 1737 1707 Raudi-

994 1720 1131 1768 nellus,
1152 1724 1256 1775 quod
1279 1727 1370 1763 item
1393 1721 1478 1762 aliis
1497 1723 1648 1777 placere
1678 1727 1735 1765 vi-

995 1779 1088 1818 deo:
1107 1779 1185 1830 sed
1203 1793 1332 1822 tamen
1347 1784 1555 1822 communio
1574 1781 1739 1822 ordinis.

996 1837 1180 1889 Equidem
1217 1852 1287 1877 nec
1314 1839 1510 1890 improbo,
1535 1840 1639 1891 quo-d
1660 1838 1741 1892 pla·

996 1905 1054 1933 cet
1074 1894 1194 1932 doetis
1210 1897 1329 1942 viris3
1369 1909 1438 1934 nec
1458 1904 1581 1933 tamen
1601 1897 1746 1943 statum*

996 1952 1088 1990 fitne
1107 1951 1181 1990 hoc
1199 1952 1348 1999 melius,
1369 1965 1482 2004 quam
1492 1949 1602 2001 illud,
1612 1967 1683 1993 cau
1712 1967 1740 1992 a

994 2011 1201 2048 communis
1216 2009 1389 2049 ordinis:
1417 2009 1525 2062 quod
1546 2010 1640 2048 mihi
1657 2011 1742 2063 qui-

997 2064 1084 2103 dem
1101 2064 1189 2103 ideo
1219 2067 1337 2115 magis
1359 2065 1492 2120 placet,
1522 2069 1614 2121 quia
1633 2065 1741 2106 -sum-

999 2132 1106 2175 ptum
1128 2124 1178 2160 est
1198 2137 1242 2161 ex
1258 2123 1486 2176 quibusdam
1509 2125 1677 2177 antiquis
1694 2122 1741 2163 li-

999 2180 1092 2218 bris.
1119 2177 1215 2227 sunt,
1236 2183 1303 2233 qui
1325 2182 1547 2233 opinentur,
1578 2194 1742 2220 commu-

1000 2239 1072 2282 nis,
1095 2237 1196 2275 reete
1232 2237 1320 2286 legi,
1342 2250 1379 2277 et
1409 2237 1602 2277 subaudiri
1624 2237 1743 2290 sbrie·

999 2304 1086 2332 tas:
1112 2304 1153 2331 vt
1176 2294 1469 2346 publicanorum
1490 2297 1662 2334 omnium
1685 2306 1743 2333 to-

999 2360 1035 2388 ta
1065 2349 1218 2389 societas
1237 2352 1480 2402 intelligatur.
1510 2352 1548 2390 id
1570 2351 1662 2390 mihi
1683 2353 1742 2390 vi-

1001 2406 1112 2445 detur
1142 2407 1289 2457 durius,
1325 2421 1361 2449 et
1386 2409 1595 2448 arcessitum
1623 2409 1740 2448 nimis

998 2462 1126 2513 longe.
1492 2461 1499 2464 ”

1058 2535 1104 2574 1η
1125 2535 1523 2590 vtrisqnefitbstlliis]
1552 2538 1596 2575 In
1616 2535 1744 2590 publi-

1001 2592 1068 2639 cis,
1102 2594 1339 2645 priuatisque
1368 2595 1517 2641 caussis,
1546 2593 1584 2632 id
1606 2597 1668 2640 est,
1698 2596 1742 2633 in

1001 2650 1237 2695 maioribus,
1265 2662 1301 2688 et
1331 2652 1558 2690 minoribus.
1646 2652 1743 2690 Sunt

999 2707 1100 2744 enim
1129 2704 1405 2754 subselliorum,
1431 2709 1456 2746 si
1486 2709 1647 2747 habetur
1674 2708 1744 2746 ho·

999 2765 1146 2804 minum
1167 2765 1284 2814 ratio,
1304 2766 1376 2805 tria
1399 2777 1537 2815 genera
1549 2780 1561 2813 5
1598 2766 1621 2802 si
1643 2761 1742 2802 caus⁴

1606 2820 1744 2875 sarum,
