1881 3173
507 143 604 188 <IN
636 143 749 187 CIC.
787 144 983 190 EPIST.
1021 145 1157 185 FAM.

67 258 259 300 patefacio
281 258 370 299 huic
397 258 544 300 aditum
562 259 610 299 ad
630 270 733 301 tuam
753 273 816 299 co-

35 309 37 335 ³
122 318 527 366 gnitionemetmunio
554 327 617 371 13,
639 324 815 371 78,433.

124 374 266 425 liberto
302 386 370 413 tuo
409 384 533 414 totum
566 387 626 414 me
656 373 815 428 patefeci

125 434 166 481 6,
190 441 256 480 10,
289 433 383 484 156.
424 431 631 484 patefactae
657 431 811 470 insidiae

579 501 640 543 15»
663 501 702 536 2,
724 498 811 541 454

67 551 196 605 Puteo.
241 557 279 596 Si
326 557 432 596 cuius
475 573 585 598 aures
629 559 675 598 ad
714 558 811 598 hanc

123 613 420 668 disputationem
455 627 584 669 patent
617 626 655 667 3,
683 622 719 664 8,
741 619 810 668 65.

78 718 80 722 ¹
121 669 331 713 liberalitas
353 682 415 711 tua
442 670 553 713 latius
582 674 622 712 in
653 676 810 727 prouin-

122 730 179 768 cia
202 730 324 782 patuit
345 729 437 769 ibid.
465 734 533 783 67.
563 734 687 784 patuit
714 731 809 769 meis

122 787 362 841 temporibus
391 800 450 825 res
484 786 681 827 familiaris
701 789 813 841 capi-

122 845 226 883 tonis
252 854 269 884 1
287 856 316 890 ³,
339 855 409 896 29,
429 844 526 895 406.
577 846 696 898 patuit
716 845 813 883 mihi

119 910 203 940 tota
243 902 322 939 eius
365 901 500 940 domus
534 912 597 952 13,
625 914 691 955 17,
717 903 811 955 396.

121 958 337 1011 Pompeius
374 956 485 996 valde
541 958 624 998 vult
677 971 810 1008 agrum

122 1017 362 1068 Campanum
398 1016 543 1054 viritim
585 1016 727 1063 diuidi,
761 1031 809 1055 ne

83 1101 86 1105 -
123 1085 265 1111 vacuus
286 1082 410 1124 pateat
430 1073 652 1112 aduenienti
678 1073 811 1112 Caesa-

124 1132 159 1168 ri
180 1135 218 1177 8,
243 1140 308 1175 10,
330 1141 426 1182 224.
466 1143 534 1183 per
567 1144 733 1182 quorum
753 1128 809 1169 lo-

124 1201 165 1225 ca
183 1186 278 1224 mihi
299 1185 462 1224 fideliter
483 1196 627 1239 pateret
646 1189 720 1226 iter
748 1200 807 1235 ιο,

123 1256 194 1295 23,
218 1249 315 1295 298.
374 1255 416 1281 Vt
437 1243 650 1295 intelligant
677 1246 808 1282 omnia

122 1301 323 1340 Ciceronis
359 1309 488 1351 patere
532 1301 736 1340 Trebiano
770 1302 810 1345 6,

634 1368 698 1405 10,
729 1368 746 1398 1

63 1425 227 1467 Patiscus
277 1428 442 1466 Curioni
479 1427 608 1468 decem
654 1368 810 1481 pantb5e7-

122 1498 182 1523 ras
209 1485 307 1524 misit
604 1491 638 1533 8.
661 1497 701 1538 9,

61 1555 224 1595 Patiscus
258 1556 509 1611 proquaestor
569 1566 634 1603 12,
648 1560 801 1609 15,36t

63 1628 196 1666 Patrae
230 1653 235 1655 >
568 1637 609 1678 7,
634 1632 703 1674 28,
725 1634 803 1679 198

63 1699 190 1739 Patria
224 1697 413 1736 amicitiae
441 1696 710 1750 praeponenda
741 1708 806 1746 11,

117 1761 190 1802 28,
214 1765 309 1807 341.
366 1754 510 1808 patriae
538 1755 671 1796 caritas
690 1756 806 1793 maxi-

120 1825 181 1851 ma
205 1822 270 1858 10,
295 1824 332 1863 5,
348 1815 442 1864 276.
472 1813 633 1864 patriam
657 1825 734 1850 non
756 1825 804 1850 eo

120 1871 247 1908 minus
268 1867 426 1917 diligere
444 1870 528 1920 quis
549 1867 673 1915 debet,
699 1867 805 1921 quod

76 1944 81 1951 ⁴
119 1924 337 1965 deformior
360 1927 422 1973 est,
449 1923 510 1963 sed
536 1925 706 1965 misereri
737 1939 805 1978 po-

120 1984 196 2021 tius
221 1995 262 2036 4,
283 1993 324 2034 9,
346 1984 415 2034 96.
445 1982 569 2034 patria
591 1996 720 2022 carcre
752 1983 805 2021 sa-

117 2041 282 2094 pientis,
329 2052 411 2077 non
453 2038 664 2079 defiderare
717 2040 805 2079 duri

117 2096 212 2149 sjhid.
242 2095 338 2135 nihil
359 2106 425 2134 aut
445 2095 528 2135 sero
545 2107 610 2136 aut
628 2098 762 2146 exigue
783 2111 805 2135 a

109 2154 255 2206 ‚pati-ia,
282 2150 368 2192 ciui*
388 2154 573 2193 tributum
606 2156 726 2207 porest
751 2155 804 2192 vi-

118 2209 204 2249 deri
574 2221 637 2259 10,
658 2221 696 2263 9,
719 2217 804 2259 282

63 2281 339 2322 Patrimonium
386 2275 515 2319 fratris
561 2284 635 2321 erit
671 2295 741 2335 per
767 2291 806 2321 te·

70 2350 74 2354 ·
120 2340 364 2378 constitutum
390 2349 424 2383 1,
448 2349 488 2389 9,
508 2344 577 2386 28.
622 2340 788 2392 patrimo

36 2405 44 2408 ⁴
69 2425 72 2429 .
104 2397 229 2433 mium
272 2394 361 2435 satis
404 2392 575 2447 amplum
620 2394 803 2448 relinquit

101 2491 103 2494 ,
121 2453 256 2491 Cicero
275 2451 372 2500 filio,
390 2454 615 2491 memoriam
635 2454 802 2491 nominis

725 1498 805 1516 000

723 1517 807 1526 ‚au-...r

120 2507 178 2547 sui
599 2520 638 2555 2,
664 2513 728 2557 16,
744 2521 799 2563 47

63 2576 220 2625 Πατρὶς.
246 2582 397 2624 πατρίδα
432 2582 512 2625 ἐμὴν
541 2577 669 2626 μᾶλλον
700 2587 802 2626 φιλῶν

550 2645 611 2681 12,
635 2646 698 2687 14,
723 2640 805 2690 360

527 2702 535 2723 ὑ

45 2695 49 2697 .
63 2705 178 2745 Patro
201 2706 406 2758 Epicureus
591 2715 656 2758 13,
672 2718 707 2754 1,
722 2719 804 2761 379

46 2760 191 2802 ‘Paulla
254 2761 403 2802 Valeria
460 2760 672 2802 diuortium
728 2766 804 2803 sine

122 2817 242 2858 caussa
267 2817 357 2859 fecit

606 2824 804 2871 2,7,216
847 2867 852 2887 ἶ

872 255 1004 298 Paullo
1034 268 1071 297 et
1095 252 1285 297 Marcello
1319 256 1405 297 coss.
1451 267 1516 304 Π,
1544 270 1614 311 29,

1302 353 1307 356 .
1414 318 1511 366 406.
1530 327 1615 368 407

873 371 1059 411 Pauones.
1089 368 1217 410 Plures
1236 371 1310 410 iam
1333 385 1503 425 pauoncs
1526 385 1615 410 con-

926 427 1013 475 feci,
1036 441 1150 482 quam
1169 438 1208 466 tu
1225 427 1350 480 pullos
1371 431 1613 468 columbinos

1403 489 1616 537 9‚18‚260

870 537 1086 590 Paupertas
1103 542 1300 581 orationis.
1328 540 1438 581 Illam
1463 553 1612 596 partem

928 595 1190 644 excusationis,
1221 612 1295 650 qua
1316 611 1352 638 te
1368 598 1511 646 scribis,
1527 613 1612 638 ora—

927 654 1046 692 tionis
1065 666 1288 708 puupertate
1314 656 1450 696 iisdem
1482 659 1612 697 verbis

925 710 1100 762 epistolas
1136 713 1291 765 saepius
1323 716 1495 764 mittere,
1530 728 1613 754 non

927 766 1090 816 agnosco
1435 788 1472 822 4,
1492 785 1534 825 4,
1556 779 1610 826 85¹

869 839 944 877 Pax
967 852 1046 877 non
1077 840 1128 879 est
1160 840 1201 878 in
1228 843 1344 883 armis
1367 843 1517 895 politis,
1546 842 1610 882 sed

923 896 964 934 in
984 897 1133 936 abieeto
1154 909 1351 939 armorum
1364 910 1400 938 et
1418 899 1610 940 seruitutis

925 962 1027 991 metu
1063 964 1126 999 10³
1157 957 1196 1000 6,
1225 963 1323 1008 278.
1378 959 1515 997 Cicero
1548 957 1610 998 vel

922 1010 1191 1062 iniquissimam
1238 1026 1370 1065 pacem
1414 1015 1609 1054 iustissimo

923 1066 1026 1105 bello
1047 1067 1281 1109 anteferebat
1299 1071 1339 1118 6,
1362 1075 1401 1118 6,
1425 1083 1517 1124 149.
1546 1086 1611 1125 pa·

920 1137 960 1162 ce
981 1135 1044 1162 tua
1064 1126 1226 1179 dixerim
1374 1139 1417 1182 7,
1443 1152 1449 1167 ·.
1459 1141 1502 1181 7,
1529 1137 1612 1181 1⁷87

865 1191 1103 1234 Peculiaius.
1134 1194 1250 1235 Plane
1269 1197 1367 1238 bene
1395 1199 1609 1254 peculiatus

1346 1267 1412 1304 10,
1436 1270 1499 1311 32,
1526 1269 1609 1310 310

867 1308 1030 1350 Pecunia
1077 1309 1347 1360 expeditiffima
1382 1327 1481 1367 quae
1515 1327 1610 1364 erat,

924 1366 994 1404 tibi
1014 1364 1163 1404 decreta
1184 1369 1237 1406 est
1362 1382 1382 1411 1
1394 1383 1428 1418 1,
1443 1384 1508 1424 24,
1525 1384 1609 1426 337

867 1421 1099 1461 Pedctentim
1127 1433 1163 1462 et
1180 1424 1364 1474 gradatim
1393 1429 1552 1468 access'us
1584 1444 1606 1469 a
1631 1451 1635 1456 ·

923 1488 960 1519 te
985 1478 1033 1518 ad
1063 1478 1221 1520 caussam
1251 1481 1341 1522 faeci
1393 1496 1609 1540 9,14,252

864 1534 1130 1589 Pelopidarum
1149 1552 1291 1578 nomen
1312 1551 1349 1580 et
1366 1540 1464 1581 faeta
1485 1556 1524 1596 7,
1537 1551 1606 1593 28,

1254 1604 1348 1650 198.
1374 1610 1413 1650 7,
1435 1610 1500 1652 30,
1520 1611 1627 1642 200,

863 1663 1014 1704 Pendeo
1032 1666 1150 1705 animi
1168 1673 1206 1716 8,
1229 1679 1267 1720 ς,
1287 1679 1384 1720 213.
1435 1671 1606 1713 Pendere

919 1723 1090 1761 aliunde.
1124 1722 1274 1764 laudem
1304 1726 1508 1780 sapientiae
1537 1731 1609 1769 sta-

920 1788 988 1816 tuo
1008 1782 1210 1820 maximam
1240 1795 1319 1821 non
1340 1783 1494 1825 aliunde
1515 1783 1616 1840 pen-'

920 1833 1024 1882 dere,
1042 1850 1110 1875 nec
1141 1839 1372 1880 extrinsecus
1399 1853 1465 1882 aut
1490 1844 1608 1895 bene,

919 1902 985 1930 aut
1003 1891 1101 1932 male
1134 1896 1294 1935 viuendi
1322 1896 1513 1952 suspensas
1539 1899 1605 1940 hass

918 1950 1010 1988 bere
1031 1952 1199 1990 rationes
1390 1969 1426 2010 ς,
1441 1968 1506 2010 13,
1526 1971 1603 2013 123

863 2005 1037 2048 Pendere
1067 2008 1235 2062 aliquem
1262 2024 1311 2051 ex
1341 2014 1421 2052 eius
1441 2018 1604 2058 virtute.

915 2065 1001 2103 Nos
1024 2074 1059 2102 te
1087 2079 1166 2103 non
1194 2079 1239 2105 ex
1259 2067 1440 2117 fortuna,
1469 2070 1531 2111 scd
1557 2087 1605 2114 ex

916 2121 1059 2159 virtute
1097 2131 1161 2161 tua
1192 2124 1419 2176 pendimuS,
1443 2126 1608 2184 semper·

913 2190 989 2229 que
1018 2178 1226 2231 pendemus
1392 2196 1430 2236 ς,
1445 2196 1462 2227 Ι
1469 2197 1509 2239 7,
1524 2176 1609 2240 133
1625 2188 1627 2191 ¹

858 2248 979 2287 Penes
1009 2262 1124 2302 quem
1157 2253 1209 2290 est
1232 2256 1406 2306 potestas.
1465 2259 1606 2302 Caesar

858 2361 968 2400 Penis
989 2361 1105 2402 hodie
1126 2365 1178 2403 est
1197 2366 1239 2404 in
1269 2326 1605 2424 obscen1393’2923:
1630 2371 1633 2376 ’

1518 2442 1541 2462 0

859 2474 1010 2515 Penitus
1043 2475 1216 2531 perspexi
1243 2481 1347 2521 tuam
1378 2483 1420 2522 in
1451 2499 1513 2525 me
1533 2434 1604 2527 06b5:

913 2530 1140 2573 seruantiam
1363 2554 1374 2580 ι
1388 2552 1423 2592 3,
1438 2553 1505 2594 50,
1515 2546 1605 2594 416

857 2590 1020 2629 Penuria
1056 2589 1216 2632 fortium
1253 2595 1451 2646 virorum,
1468 2646 1471 2649 ἱ
1490 2604 1603 2655 copia

914 2656 1155 2698 opponuntur
1389 2665 1427 2703 3,
1457 2665 1504 2697 11
1510 2686 1523 2704 ‚
1546 2662 1604 2707 76

858 2700 978 2747 Πέψις
1345 2713 1411 2758 16,
1424 2719 1497 2760 18,
1515 2718 1600 2766 494

859 2760 937 2800 Per
956 2760 1053 2801 anni
1070 2771 1230 2813 tempur.
1279 2767 1378 2805 Cum
1397 2772 1601 2809 commode

913 2825 952 2855 et
967 2830 1037 2870 per
1059 2816 1330 2871 valetudinem,
1362 2835 1400 2864 et
1419 2839 1490 2879 per
1507 2827 1602 2868 anni

1451 2892 1600 2936 teinpus
