1881 3173
212 64 297 109 822
416 57 642 98 PAVLLI
679 62 970 103 MANVTII

215 172 280 214 est,
307 170 515 223 mansitque
547 170 593 210 ad
622 171 817 211 Strabonis
857 187 957 216 aeta-

215 239 319 269 temt
339 239 380 268 vt
399 227 476 281 ipse
496 227 561 268 hb.
578 239 642 281 15.
663 228 844 282 scriptum
868 232 958 274 reli-

221 287 316 338 quit.
394 287 475 326 Nec
507 299 601 324 vcro
633 292 667 325 ι’.
693 287 859 333 Lentuli,
889 292 958 343 qui

220 345 388 395 cyprum
408 357 490 380 cun·-
514 340 643 380 (isicia
664 347 807 395 primus
841 350 959 387 rexit:

222 409 267 438 vt
297 412 341 437 ex
370 397 470 439 lib.1
523 400 675 451 epist.7.
706 398 959 449 cognoscitur,

222 456 399 509 quaestor
421 456 495 495 fuit
523 456 584 494 hic
603 455 789 496 Sextilius.
820 472 906 499 nam
934 461 959 500 fi

219 513 406 553 Lentulus
426 513 658 564 quaestorem
684 511 790 552 suum
822 516 870 555 ad
900 519 959 556 ius

223 567 424 608 dicendum
446 570 484 606 in
505 570 672 621 Cyprum
700 572 867 621 mififi'et3
907 574 960 614 fe-

225 626 328 665 ciss‘et
350 627 451 664 iem
471 627 597 679 postea
623 627 860 683 Cicer-osqui
875 646 961 671 ean-

224 683 311 722 dem
330 684 569 735 prouinciam
593 685 702 726 rexit.
735 695 772 724 at
792 687 857 727 ille
882 704 963 728 non

225 740 347 780 modo
370 751 546 778 neutrum
563 737 855 794 equaestoribus
876 745 965 794 suis,

225 797 347 848 (duos
367 798 468 835 enim
488 797 634 845 habuit,
652 798 873 842 Mescinium
888 834 898 850 ,
928 814 965 842 et

226 852 426 904 Coelium)
442 852 504 892 sed
519 867 588 892 nec
606 853 725 894 vllum
745 871 766 896 e
781 871 966 911 quattuor

225 909 361 961 legatis
390 911 507 949 misit:
542 911 816 963 QVolufium,
846 932 967 957 vnum

229 983 254 1008 e
273 966 346 1008 suis
367 966 494 1007 famili.
512 969 632 1016 ribus,
645 971 680 1008 ei
696 977 846 1014 muneri
863 988 969 1028 prae-

228 1023 382 1080 posuit:
409 1024 515 1076 quod
534 1025 598 1065 lib.
613 1037 646 1077 5.
669 1027 714 1066 ad
733 1033 841 1070 Attic.
862 1034 968 1086 epist.

229 1092 303 1124 2³-
332 1079 482 1134 scripsit.
560 1083 720 1131 Deinde,
739 1088 765 1126 fi
793 1092 972 1142 quaestor

231 1136 388 1179 Lentuli
426 1137 602 1178 Sextilius
631 1139 777 1191 fuiffet3
826 1145 974 1187 dixiss'et

231 1197 365 1250 potius
396 1196 547 1243 Cicero,
567 1197 620 1249 st
638 1199 682 1238 f.
705 1200 871 1250 Lentuli,
886 1216 973 1256 pro-

233 1251 334 1300 μὴ]
350 1253 392 1292 lis
418 1257 493 1300 tui,
513 1254 633 1310 legem
651 1255 763 1312 sequi
781 1262 948 1301 volueris
961 1277 976 1299 .-

231 1321 361 1362 quam,
379 1307 423 1360 si
437 1310 479 1350 P.
500 1311 668 1360 Lentuli,
685 1314 880 1368 neceffizrii
897 1320 974 1361 tui.

231 1366 315 1405 lam
353 1365 444 1415 legis
472 1367 627 1420 Lentuli
663 1365 974 1415 obseruationem

233 1436 303 1461 cur
317 1422 460 1462 Sextilii
472 1427 666 1477 permittat
684 1429 870 1470 arbitrio?
891 1421 976 1485 quis

236 1479 411 1518 crederet
435 1482 671 1532 quaestorem
699 1498 720 1522 a
739 1484 795 1526 sui
812 1502 977 1541 procon-

232 1534 325 1576 {ulis
344 1535 426 1585 lege
443 1538 483 1574 in
503 1552 547 1576 ea
564 1539 846 1591 iurisdietione‚
863 1560 978 1598 quam

194 1627 197 1629 .
236 1593 340 1632 idem
375 1594 444 1633 fibi
471 1595 675 1647 proconsul
711 1598 979 1651 demandaffet‚

235 1648 476 1689 discessurum
495 1649 629 1692 fuisse?
645 1667 723 1707 quo
743 1660 873 1698 animo
884 1663 981 1699 Len-

232 1705 339 1747 tulus
384 1705 525 1754 ferret,
562 1721 694 1751 contra
734 1727 816 1754 eam
843 1715 980 1766 legem,

242 1777 358 1816 quam
381 1763 459 1817 ipse
481 1765 610 1806 consul
629 1763 782 1820 tulisset,
804 1774 863 1813 ius
886 1774 984 1813 dice-

237 1833 284 1861 re
325 1821 562 1872 quaestorem
601 1823 735 1867 suum?
788 1832 980 1871 Postremo

240 1875 308 1917 illa
328 1879 458 1924 verba,
478 1894 535 1926 ea,
556 1894 654 1935 quae
679 1898 703 1922 α
720 1900 778 1925 me
804 1889 987 1941 constitu:

241 1945 287 1975 ta
297 1932 408 1986 fimt,
432 1934 516 1975 satis
541 1940 682 1979 constat
711 1941 784 1982 esse
805 1938 903 1985 dieia
934 1945 980 1985 de

245 1992 435 2030 Cicerone
462 1991 617 2033 Ciliciae
645 1999 888 2050 proconsule,
920 2017 982 2041 cu·

242 2048 304 2087 ius
335 2050 557 2102 prouinciae
591 2065 677 2103 pars
710 2057 857 2110 Cyprus
897 2058 984 2099 fuit.

244 2107 344 2144 Cum
372 2107 489 2155 igitur
523 2109 605 2159 post
641 2112 866 2155 Ciceronem
898 2131 985 2170 pro-

246 2161 438 2201 consulem
460 2162 592 2216 scripta
613 2167 655 2204 sit
677 2170 846 2221 epistola,
874 2172 989 2227 suspi-

248 2219 326 2258 cari
352 2217 490 2274 aliquis
515 2223 639 2276 poffit,
658 2228 786 2278 primo
813 2228 989 2284 scriptam

1007 62 1526 103 COMMENTARIVS

1011 175 1084 216 esse
1103 174 1197 216 belli
1226 173 1348 215 ciuilis
1378 188 1494 222 anno,
1524 175 1563 214 id
1590 176 1640 214 est
1657 177 1750 215 Len-

1010 232 1095 273 tulo
1132 245 1170 272 et
1202 231 1387 272 Marcello
1427 230 1514 271 coff.
1544 241 1751 286 antequam

1012 292 1149 329 Cicero
1169 289 1216 328 ad
1239 291 1460 343 Pompeium
1483 290 1524 326 in
1552 291 1752 328 Graeciam

1014 348 1226 396 nauigaret,
1263 349 1356 386 viuo
1390 349 1425 385 P.
1447 345 1634 385 Lentulo:
1683 346 1753 399 qui

1016 417 1062 442 ex
1111 402 1316 443 Pharsalica
1365 416 1495 457 pugna
1544 400 1778 452 fugientem‘

1017 463 1239 514 Pompeium
1273 461 1441 507 secutus,
1481 469 1522 498 vt
1548 458 1612 500 lib.
1637 471 1674 509 3.
1705 458 1754 498 de

1016 516 1105 557 bell.
1142 519 1214 556 ciu.
1251 528 1390 559 <3102-
1422 515 1559 557 Caesar
1603 516 1757 569 scripsit,
1791 554 1798 555 r

1016 573 1152 614 obiisse
1182 571 1313 628 paullo
1349 575 1432 626 post
1473 573 1637 614 videtur.
1666 587 1756 613 nam

1017 645 1142 684 neque
1183 632 1266 684 post
1297 629 1545 669 Pharsalicam
1591 643 1758 685 pugnam

1019 689 1347 728 commendatitias
1405 685 1547 726 litteras
1596 690 1758 736 Cicero,

1019 745 1214 785 confeaus
1251 745 1359 784 omni
1390 743 1552 791 miseria,
1587 744 1758 785 mifiss'et:

1021 818 1090 842 nec
1107 804 1233 856 postea
1263 815 1379 854 quam
1405 803 1446 839 in
1469 803 1664 840 Graeciam
1694 816 1758 841 na-

1021 859 1189 909 vigaffet,
1202 858 1360 898 ardente
1378 856 1502 897 bello:
1531 861 1658 912 potius
1670 873 1758 899 eum

1022 915 1210 971 scr1ps1ss‘e,
1230 930 1315 955 cum
1339 915 1462 955 adhuc
1482 917 1522 954 in
1545 914 1653 954 Italia
1685 930 1761 956 ma·

1024 984 1144 1022 neret,
1165 976 1311 1024 integra
1333 973 1453 1012 adhuc
1475 974 1763 1022 auctoritatem

1025 1031 1126 1086 apud
1137 1031 1334 1070 Caesarem
1354 1032 1487 1080 gratia,
1507 1029 1761 1075 credibileest.

1024 1093 1075 1128 Vt
1097 1091 1284 1136 omittam,
1300 1088 1404 1140 quod
1423 1086 1488 1126 iiia
1511 1089 1640 1135 rerba,
1653 1088 1706 1140 J!
1719 1089 1764 1128 P.

1027 1147 1201 1194 Lentuli,
1223 1142 1415 1199 necqffizrit'
1433 1147 1506 1190 tui,
1523 1145 1641 1200 legem
1652 1145 1766 1197 fi’qm'

1027 1204 1208 1250 valueris,
1225 1203 1318 1240 mihi
1341 1201 1493 1254 quidem
1514 1200 1561 1240 de
1584 1204 1674 1241 viuo
1699 1215 1769 1254 po·

1027 1261 1101 1299 tius
1124 1258 1289 1299 Lentulo
1311 1273 1428 1311 quam
1447 1257 1492 1297 dc
1513 1270 1681 1306 mortuo,
1713 1259 1769 1297 vi·

1029 1316 1168 1356 dentur
1182 1316 1255 1355 effe
1275 1315 1387 1355 dieta.

1030 1431 1191 1470 rendum
1230 1429 1474 1482 relinquitur,
1511 1429 1770 1483 anpopulone,

1033 1502 1079 1528 an
1101 1502 1121 1526 a
1146 1486 1373 1540 proconsule
1395 1486 1526 1539 aliquo
1555 1488 1682 1526 miffus
1708 1501 1771 1526 ve-

1035 1547 1135 1584 nerit
1150 1547 1190 1584 in
1214 1547 1380 1597 Cyprum
1400 1542 1586 1584 Sexcilius.
1617 1549 1781 1583 Vtrun1·‘

1034 1617 1109 1655 que
1157 1615 1269 1650 nego.
1320 1616 1408 1640 nam
1453 1615 1522 1639 nec
1565 1603 1771 1654 imperium

1036 1660 1226 1713 quaestori
1250 1657 1415 1711 populus
1450 1657 1563 1706 dare,
1600 1673 1668 1697 nec
1694 1660 1770 1698 {ine

1034 1718 1200 1769 imperio
1238 1716 1403 1768 praeess'e
1436 1717 1637 1768 quisquam
1685 1729 1774 1768 pro·
1824 1729 1828 1731 ·

1036 1775 1186 1813 vinciae
1213 1771 1368 1812 solebat.
1448 1771 1652 1812 Proconsul
1675 1787 1771 1812 vero

1036 1832 1119 1885 post
1140 1832 1379 1876 Ciceronem,
1407 1829 1591 1882 impedita
1613 1840 1773 1883 propter
1827 1827 1838 1831 ”

1033 1886 1177 1929 bellum
1198 1885 1310 1925 ciuile
1333 1887 1618 1940 prouinciarum
1640 1886 1776 1925 succes-

1036 1947 1152 1992 smne,
1181 1942 1403 1996 aliquandiu
1422 1957 1535 1982 nemo
1560 1943 1644 1983 fuit.
1702 1946 1778 1983 Ita-

1037 2016 1112 2055 que
1133 2003 1305 2050 cogimur
1333 1999 1499 2045 credere,
1528 1999 1676 2039 missum
1702 2000 1776 2040 effe
1802 2030 1805 2031 γ
1845 2014 1848 2018 ·

1037 2074 1059 2099 a
1081 2057 1251 2106 Caesare,
1268 2058 1363 2096 vrbe
1385 2059 1505 2096 Roma
1523 2060 1670 2111 potito:
1690 2072 1776 2097 cum

1040 2118 1120 2156 eius
1141 2114 1320 2155 voluntas
1340 2128 1411 2168 pro
1435 2113 1580 2164 legibus
1595 2114 1695 2164 effer,
1709 2116 1778 2155 Ci-

1041 2187 1181 2212 cerone
1211 2170 1383 2211 nondum
1420 2173 1461 2210 in
1492 2175 1689 2213 Graeciam
1728 2171 1777 2212 ad

1040 2231 1263 2285 Pompeium
1296 2227 1484 2283 profeeto.

661 2364 1158 2410 EPISTOLAE
1213 2370 1370 2413 XLIX.

607 2453 1444 2523 ARGVMENTVM„

389 2549 633 2592 'Commendat
659 2552 717 2609 st
743 2553 970 2611 Pompeium.

1547 2797 1784 2838 EPISTO-

1441 1316 1555 1364 Quod
1579 1317 1602 1354 fi
1624 1316 1669 1354 de
1693 1317 1770 1368 epi·
1816 1349 1841 1372 ’,χ

1032 1373 1147 1412 fiolae
1162 1385 1334 1427 tempore
1353 1387 1430 1412 non
1447 1386 1636 1412 erramus:
1657 1386 1770 1426 quae·
1833 1413 1840 1419 „
