1881 3173
1435 98 1596 152 xxm

65 233 198 289 tibus
229 236 368 288 enirn
403 229 744 297 editionibu3‚
780 244 908 303 quac
937 229 1089 282 nimis
1125 227 1303 282 acerbe
1336 232 1390 283 in
1419 230 1598 285 Victo-

63 353 196 404 rium
222 346 493 418 scripserat,
528 348 790 399 Manutius
821 343 1022 398 deleuit.
1102 344 1272 397 Edidit
1307 350 1462 400 Henr.
1490 351 1600 400 Ste-

63 459 258 529 phanus
298 455 362 510 A.
397 457 728 509 clolotxxvu.
768 456 1033 509 Ciceronis
1060 452 1299 523 Epistolas
1335 454 1396 508 ad
1414 458 1598 509 Diuer-

64 560 148 615 sos
169 577 196 612 e
219 555 506 614 recensione
530 570 582 610 et
604 574 721 609 cum
746 560 883 611 notis
913 555 1267 625 marginalibus
1304 557 1458 612 Paulli
1486 564 1598 612 Ma-

63 665 221 729 nutii‚
268 665 432 734 iisque
483 663 962 716 Commentationes
1004 663 1365 733 Diuersorum‚
1412 666 1598 734 partim

59 783 235 834 ‘antea,
270 769 453 840 partim
486 784 623 821 nunc
661 768 888 835 primum
927 767 1109 834 editas,
1149 768 1307 822 altero
1332 768 1601 824 volumine

65 875 309 930 adiunxit.
383 868 443 925 In
463 869 645 942 quibus
669 871 839 938 primo
862 871 1024 924 statim
1050 871 1170 927 loco
1193 891 1467 928 occurrunt
1490 879 1601 928 Ma-

65 983 199 1036 nutii
225 975 415 1033 scholia
432 1018 447 1044 ,
484 973 545 1030 ab
575 973 655 1030 illa
678 981 841 1048 prima
864 980 1093 1033 editione
1119 978 1263 1033 valde
1296 980 1516 1049 diuersa,
1551 998 1603 1041 et

66 1083 126 1137 ad
180 1079 369 1136 calcem
414 1084 747 1152 appendicem
803 1083 864 1137 ad
906 1084 1085 1138 eadem
1154 1082 1344 1136 scholia
1391 1085 1603 1139 adiecit:

66 1217 246 1273 quam,
276 1218 306 1253 e
347 1202 616 1256 nouiffima
655 1200 971 1255 scholiorum
1001 1200 1256 1270 editione,
1287 1199 1350 1254 ab
1372 1200 1513 1256 Aldo
1544 1204 1603 1258 fi-

64 1299 138 1359 lio
162 1303 418 1372 impressa,
451 1304 735 1358 desumtam
766 1303 800 1358 fi
834 1306 946 1376 quis
975 1302 1251 1358 contulerit
1291 1323 1411 1358 cum
1458 1324 1603 1361 com-

71 1392 347 1472 mentario,
392 1423 574 1459 omnes
606 1405 721 1460 illos
752 1405 897 1460 locos
928 1407 1048 1461 inde
1079 1411 1133 1462 in
1171 1407 1365 1464 scholia
1396 1410 1459 1464 ad
1494 1429 1606 1466 ver-

69 1507 194 1563 bum
226 1512 575 1582 transscriptos
595 1511 691 1565 effe
716 1515 946 1583 reperiet.
1062 1514 1223 1583 Qod
1245 1514 1452 1586 quidem
1484 1532 1605 1585 pro-

68 1630 239 1687 pterea
263 1617 583 1671 monendum
613 1614 869 1682 duximus,
906 1635 971 1671 ne
1001 1615 1112 1686 quis
1126 1615 1353 1672 'nostram
1381 1616 1606 1672 scholio-

71 1740 189 1776 rum
229 1722 510 1776 editionem
550 1738 786 1776 mancam
814 1722 913 1775 esse
937 1719 1394 1794 imperfectamque
1441 1720 1605 1774 existi-

72 1842 194 1885 met.
306 1830 386 1881 Sic
417 1830 592 1882 omnia
614 1844 719 1881 vno
740 1826 1006 1882 volumine
1039 1825 1403 1897 comprehensa
1433 1821 1606 1890 habe8‚

73 1961 201 2017 quae
223 1946 485 1998 Manutius
507 1943 677 1996 noster
707 1955 759 1996 et
782 1941 994 1995 iuuenili
1024 1956 1215 2010 aetate,
1246 1945 1481 2000 nondum
1513 1947 1606 2001 du-

24 2085 32 2095 *
75 2061 151 2117 &a
170 2063 344 2116 iudicii
369 2061 672 2127 maturitate,
687 2075 738 2115 et
761 2061 1028 2134 postquam
1047 2064 1100 2114 in
1122 2060 1415 2129 lectitandQ
1435 2081 1606 2116 emen-

75 2180 244 2234 dando
266 2178 749 2250 interpretandoque
781 2177 1036 2231 Cicerone
1066 2178 1427 2247 consenuerat,
1465 2176 1608 2233 lima-

73 2289 266 2347 tiffimo
286 2290 481 2346 iudicio
502 2293 556 2343 in
578 2287 667 2342 has
690 2283 921 2359 epistolas
943 2283 1246 2358 conscripsit.

821 2625 856 2681 b
895 2643 922 2698 3
1447 2624 1613 2676 Acce-
