1881 3173
630 108 841 149 merc.
869 107 1065 161 uxzrs’r.
1106 107 1242 147 ui«.

100 246 106 253 ,
169 211 290 255 libros
316 214 366 256 ad
401 225 438 257 te
466 216 714 271 perferendos
747 231 783 267 1,
811 232 852 273 9,

101 311 103 314 ,
167 283 240 324 27.
293 274 395 314 reete
418 272 501 313 dari
520 272 662 315 litteras
696 290 729 323 ι,
752 289 794 329 7,
812 289 851 330 9.

167 329 194 368 fi
214 330 318 370 reete
348 331 427 371 istic
455 332 528 371 erit
568 345 630 379 10.
654 345 722 379 20,
752 346 849 387 294.

167 386 270 426 recle
290 387 372 427 fieri
397 398 462 434 11,
482 395 550 437 28.
579 402 670 442 343.
700 392 850 429 rcetuli-

164 455 226 481 me
237 441 322 483 sunt
339 443 440 498 apud
457 454 493 484 te
509 449 638 485 omnia
661 450 790 499 9‚16‚2
798 450 850 500 56

113 513 272 560 Renum
300 525 341 554 et
361 515 567 568 honestum.
624 518 686 555 Sin
722 518 760 555 hi
793 517 851 556 su-

167 585 265 619 mus,
287 572 355 624 qui
372 572 547 626 profe&o
568 572 638 613 effe
656 573 849 622 debemus,

165 638 209 668 vt
257 626 353 666 nihil
389 631 620 670 arbitremur
657 631 847 684 expedire,

167 684 234 724 nist
263 684 368 738 quod
387 688 547 735 redium,
577 688 851 741 honestumque

167 743 231 783 fit:
270 756 349 781 non
395 745 517 798 potest
562 743 635 784 effe
679 744 852 793 dubium,

170 797 263 852 quid
297 798 513 840 faciendum
544 802 656 840 nobis
684 803 725 840 fit
751 816 792 855 4,
812 815 852 850 2,

171 861 237 903 82-
302 859 441 898 rec‘lam
472 861 602 898 nanim
635 869 762 898 tenere
787 872 853 908 12,

170 925 241 965 25,
257 925 350 967 373.
380 915 482 955 reeta
503 916 636 963 studia,
658 918 783 956 bonae
798 930 855 955 ar.

168 978 225 1008 tes
623 987 660 1026 5,
686 976 754 1020 16,
775 985 853 1027 127

113 1047 351 1093 Recuperare
370 1041 429 1080 ius
450 1041 556 1082 suum
629 1055 689 1092 12,
708 1058 748 1091 2,
771 1055 853 1107 {47

49 1132 52 1137 .
113 1095 296 1143 Recusaui
320 1101 529 1148 negotium.
571 1103 664 1140 Non
686 1103 854 1140 reculaui

108 1194 111 1197 Δ
173 1167 232 1208 15,
253 1166 282 1200 1,
301 1167 393 1207 451.
421 1156 592 1197 recusare
613 1171 854 1197 communem

168 1209 364 1250 fortunam
671 1218 710 1262 6,
733 1226 760 1261 1,
780 1227 854 1266 139

115 1267 281 1313 Reddidi
328 1267 498 1308 officium
545 1272 665 1309 veteri
706 1273 855 1310 nostrae

173 1325 434 1364 neeeffitudini
454 1325 599 1365 iamdiu
623 1327 795 1368 debitum
819 1341 856 1380 5,

175 1389 311 1434 8,113.
358 1380 560 1422 reddemus
609 1398 679 1424 vos
714 1387 762 1425 ab
786 1386 857 1426 hae

172 1448 279 1493 parte
298 1437 448 1478 securos
624 1453 684 1491 10,
697 1455 766 1496 24,
785 1454 856 1496 301

112 1508 310 1550 Redeatne
355 1512 558 1564 quisquam
609 1513 651 1551 in
697 1516 856 1563 gratiam

173 1569 277 1608 bona
295 1567 381 1613 tide,
401 1581 449 1606 an
467 1571 627 1609 omnino
640 1584 753 1610 nemo
773 1571 858 1610 red·

110 1653 111 1656 ,
175 1635 237 1663 eat
259 1637 296 1677 3,
316 1631 353 1672 8,
375 1628 439 1676 67.
493 1625 619 1666 redire
650 1627 697 1666 ad
726 1627 858 1668 sanita-

176 1690 253 1720 tem
284 1692 344 1726 12,
366 1693 423 1725 10,
447 1694 540 1735 352.
596 1682 746 1724 rediisse
773 1700 857 1724 cum

174 1735 284 1778 libris
307 1739 348 1776 in
371 1741 529 1787 gratiam
660 1753 701 1794 9,
723 1753 754 1790 1,
773 1751 857 1796 237

119 1809 306 1860 Redigcre
341 1811 381 1848 in
412 1812 635 1850 memoriam
685 1823 715 1860 1,
737 1826 775 1866 9,
798 1820 858 1862 18.

176 1868 439 1916 redigerentur
463 1868 503 1906 in
524 1869 683 1908 vestram
704 1872 862 1922 potesta·

178 1933 254 1963 tem
273 1923 472 1972 vcffigalia
638 1938 696 1974 12,
714 1939 771 1979 15,
788 1930 857 1981 361

121 1979 289 2022 Redimo.
342 1979 587 2020 Redemiffem
621 1981 860 2022 libentissime

177 2038 421 2078 acerbitatem
469 2037 573 2077 illam
604 2053 625 2078 a
665 2039 860 2094 republica

177 2096 272 2136 meis
299 2095 457 2147 priuatis
472 2097 726 2136 incommodis
747 2110 787 2145 2,
802 2101 861 2143 16,

178 2164 248 2205 47.
300 2151 489 2191 redimere
519 2157 760 2207 praeteritam
789 2153 865 2193 cul·

180 2223 266 2262 pam
645 2223 704 2258 10,
725 2217 762 2260 3,
779 2223 862 2264 279

122 2266 309 2306 Reduflio
338 2266 435 2315 regis
464 2266 713 2308 Alexandrini
759 2282 794 2317 ι,
821 2280 863 2322 7,

818 2337 864 2365 10

121 2378 321 2424 Redundas
374 2380 552 2419 omnibus
603 2382 861 2429 ornamentis,

177 2434 238 2476 vel
258 2436 445 2488 praesidiis
664 2449 703 2489 3,
730 2451 786 2484 10,
805 2450 860 2492 72

126 2492 289 2546 Referre
318 2493 391 2542 sua
422 2493 681 2542 locupletiora.
761 2498 863 2534 Nam

183 2562 277 2595 mea,
299 2550 324 2588 fl
343 2551 393 2587 fio
414 2549 558 2595 aedilis,
588 2565 666 2589 non
697 2550 862 2604 loeuple-

184 2607 280 2645 tiora
306 2605 464 2645 referam
492 2609 529 2652 8,
551 2619 586 2658 3,
605 2620 701 2660 209.
750 2609 864 2648 retuli

184 2661 231 2701 ad
277 2676 457 2710 generum
496 2673 603 2702 tuum
648 2664 864 2712 Lentulum,

186 2733 296 2771 quem
317 2719 495 2758 inlocum
517 2735 577 2758 mc
601 2724 727 2760 venire
749 2722 865 2761 velles

189 2787 224 2827 3.
250 2783 286 2824 8,
306 2780 371 2818 66.
396 2775 526 2816 retulit
554 2792 641 2818 eum
661 2779 795 2820 Caesar
825 2782 866 2819 in

962 217 1277 263 Nouocomenses
1327 230 1387 272 13,
1436 232 1512 273 35„
1550 233 1643 274 410.

963 277 1180 316 mandaram
1201 278 1292 315 meis
1311 289 1365 322 vt,
1378 291 1461 314 cum
1475 292 1548 316 tam
1561 278 1650 316 lon·

961 348 1007 384 ge
1039 334 1239 373 absumi-us
1275 331 1400 380 essem,
1426 334 1472 371 ad
1508 349 1566 374 me
1598 348 1647 374 ne

961 390 1149 430 referrent
1176 403 1212 443 3,
1230 401 1288 436 12,
1308 397 1375 443 78.
1406 390 1550 429 referre
1564 405 1647 440 gra·

960 450 1052 487 tiam
1085 461 1155 500 pro
1178 446 1370 499 aliquibus
1398 449 1512 487 rebus
1548 461 1586 500 5,
1608 457 1647 500 5,

961 516 1044 546 110.
1072 510 1214 543 reterre
1236 518 1295 542 me
1328 506 1502 560 gratiam·
1519 517 1559 543 vt
1579 519 1646 557 pu·

959 572 1013 601 tes
1041 572 1143 606 tum,
1174 576 1257 600 cum
1289 564 1472 600 memoria
1507 562 1646 600 tenebo

965 630 1026 665 1ο,
1052 630 1106 665 11,
1125 624 1220 671 283.
1266 617 1409 657 referre
1440 620 1569 657 omnia
1597 617 1645 657 ad

964 675 1185 724 dignitatem
1209 686 1269 721 12,
1295 687 1362 723 22,
1385 686 1477 728 370.
1516 679 1647 715 omnia

963 731 1010 772 ad
1032 731 1134 771 suam
1155 731 1365 779 Vtilitatem,
1397 732 1504 772 astuti
1535 733 1585 771 est
1608 744 1649 785 3,

965 800 1025 835 10,
1042 801 1112 842 73.
1161 788 1303 828 referre
1331 789 1464 842 pedem
1499 800 1555 835 10,
1581 801 1649 842 30,

967 857 1062 898 307.
1092 844 1234 885 referre
1249 844 1286 884 se
1298 847 1344 884 ad
1367 846 1485 885 studia
1507 845 1648 884 littera-

966 917 1051 942 rum
1078 914 1107 949 1,
1131 909 1169 951 3,
1196 914 1264 956 14.·
1312 902 1348 942 se
1369 902 1415 941 ad
1442 903 1562 942 bonas
1592 916 1651 942 ar·

967 969 1022 999 tes
1043 972 1081 1011 4,
1100 971 1135 1012 3,
1156 966 1218 1012 84.
1248 958 1508 1000 referebantur
1527 959 1573 998 ad
1587 974 1649 999 me

968 1027 1159 1056 certorum
1204 1017 1405 1059 hominum
1458 1016 1650 1056 sermones

1479 1084 1510 1120 1,
1534 1085 1574 1126 92
1600 1079 1644 1122 18

911 1144 1079 1191 Refigerc
1103 1156 1190 1181 aera
1435 1154 1492 1190 12,
1516 1155 1546 1190 1,
1569 1155 1650 1197 345

912 1198 1102 1238 Refricare
1121 1199 1256 1238 litteris
1278 1199 1503 1240 desiderium
1524 1214 1565 1240 ac
1583 1201 1652 1240 do-

966 1255 1088 1295 lorem
1113 1255 1268 1296 alterius
1453 1269 1491 1309 5,
1506 1268 1561 1305 xe,
1576 1269 1651 1310 129

912 1327 1148 1376 Refrigerato
1173 1329 1247 1366 iam
1270 1325 1454 1366 leuissimo
1476 1327 1650 1367 sermone

968 1385 1168 1423 hominum
1206 1384 1501 1438 prouincialium
1540 1397 1576 1437 3,
1611 1391 1651 1433 8,

913 1509 1132 1564 RefrIxiffit
1151 1511 1269 1558 hasta.
1321 1511 1516 1552 Caesarem
1544 1524 1653 1565 puta-

969 1570 1034 1609 bat
1050 1566 1204 1608 moleste
1234 1567 1420 1615 laturum,
1452 1580 1650 1609 verentem

971 1640 1019 1664 ne
1039 1626 1139 1665 hasta
1159 1624 1362 1666 refrixisset
1407 1638 1465 1678 15,
1487 1638 1546 1680 17,
1565 1638 1651 1681 474

915 1697 1116 1755 Refugere.
1145 1699 1237 1738 Non
1255 1698 1379 1744 habet,
1393 1711 1472 1751 quo
1490 1696 1654 1748 refugiat

1404 1765 1462 1798 12,
1489 1765 1549 1807 ¹4²
1571 1767 1651 1810 359

917 1823 1096 1865 Refutare
1121 1823 1275 1864 alterius
1305 1826 1550 1879 cupiditatem
1573 1841 1652 1867 non

970 1892 1078 1936 potes
1099 1883 1173 1922 fine
1197 1881 1406 1937 suspicione
1434 1893 1521 1922 tuae
1551 1885 1653 1936 eupi-

970 1939 1097 1980 ditatis
1481 1949 1512 1986 1,
1535 1951 1575 1992 9,
1597 1947 1650 1990 23

915 2013 1096 2061 Regcram
1119 2010 1190 2049 tibi
1218 2022 1290 2063 pro
1319 2010 1430 2048 Catio
1461 2020 1519 2050 tot
1545 2012 1654 2050 rusti.

977 2082 1040 2108 cos
1061 2069 1221 2113 Stoicos,
1249 2074 1290 2105 vt
1314 2068 1467 2107 Catium
1495 2068 1654 2107 Athenis

973 2135 1104 2164 natum
1125 2122 1225 2162 dicas
1411 2134 1469 2175 13,
1493 2135 1551 2177 19,
1568 2127 1656 2179 476

918 2197 1064 2243 Regnas
1094 2195 1136 2234 in
1180 2195 1359 2234 centuriis
1399 2197 1570 2247 equitum
1606 2207 1656 2246 11,

1497 2255 1558 2300 16,
1579 2264 1652 2306 331

917 2324 1046 2372 Regna
1065 2321 1388 2375 quemadmodum
1417 2321 1576 2364 tulerint
1604 2324 1656 2364 sa·

975 2379 1192 2432 pientissimi
1212 2381 1300 2428 viri,
1323 2378 1383 2420 vel
1402 2381 1572 2428 Athenis,
1593 2380 1655 2422 vel

975 2437 1155 2481 Syracusis
1431 2449 1471 2490 9,
1492 2440 1552 2485 16,
1571 2450 1656 2492 257

918 2495 1087 2532 Reiieere
1114 2492 1264 2545 aliquos
1293 2494 1453 2532 Romam
1494 2505 1552 2544 13,
1586 2499 1659 2543 26,

979 2562 1077 2603 403.
1107 2552 1264 2589 reiicere
1294 2551 1605 2590 controuersiam·
1618 2554 1660 2594 in

974 2606 1086 2645 filiam
1119 2613 1273 2649 διοίκησιν
1306 2617 1363 2657 13,
1384 2619 1449 2660 53,
1469 2614 1554 2656 418.
1602 2622 1661 2649 re-

978 2664 1073 2702 iefta
1093 2663 1211 2702 cauffa
1232 2664 1282 2702 est
1302 2665 1341 2702 in
1364 2662 1440 2703 Kal.
1463 2670 1539 2716 8,9
1562 2677 1660 2708 222.

979 2722 1117 2760 :cicera
1148 2734 1206 2759 res
1245 2722 1283 2759 in
1321 2718 1482 2760 Galliam
1512 2721 1563 2760 est
1597 2733 1658 2776 13,

983 2789 1042 2828 14.
1068 2789 1157 2830 393.
1188 2779 1348 2819 omnino
1392 2791 1454 2818 res
1501 2787 1580 2818 tota
1618 2782 1660 2818 in

1497 2833 1661 2876 mensem
