1881 3173
547 80 617 121 ΙΝ
651 78 765 119 mc.
810 73 1001 116 EPIST.
1039 71 1175 112 PAM.

17 199 19 206 ⁴
67 224 71 243 3
89 193 291 248 Profligata
309 203 371 231 res
402 191 454 230 est
483 202 618 239 magna
651 201 695 228 ex
725 197 831 241 parte

148 262 216 299 12,
240 261 302 302 14,
325 254 420 302 358.
479 248 721 300 profligatum
755 242 831 283 bel-

145 305 240 355 lum,
259 318 302 355 ae
323 316 444 359 paene
464 302 652 342 sublatum
677 313 740 348 12,
764 312 829 353 30,

145 374 242 419 ⁴377.
268 374 356 402 eum
373 359 422 399 ad
441 373 529 398 eum
549 360 650 398 diem
674 372 722 396 ne
743 371 829 410 pro-

146 421 318 471 fligatum
336 416 494 471 quidem
513 416 720 470 quidquam
741 413 829 453 esset

162 479 168 485 ’
291 499 313 519 .·
627 479 827 526 8‚9‚222

78 544 329 591 'Profundere
348 544 467 584 vitam
487 557 558 597 pro
588 542 709 582 altero
735 553 771 589 1,
792 554 832 594 4,

149 607 190 649 6.
217 605 245 644 fi
267 616 346 642 non
366 600 599 655 profundere
615 613 656 638 ae
673 598 831 652 perdere

102 672 105 676 “
150 659 338 708 videbor,
368 671 466 711 quae
499 670 563 697 tua
597 655 716 695 causs'a
748 654 832 702 scci,

151 719 332 760 omnibus
361 719 454 757 meis
475 717 622 756 viribus
643 713 831 752 sustinebo

37 843 48 846 ”
94 837 304 884 Prognatus
334 834 483 870 Venere
523 779 833 876 Caes3r5{‚11¹51‚

750 895 775 923 2
813 893 830 908 Ὗ

96 959 329 1014 Progredior
358 956 510 1006 longius
620 967 660 1007 9.
676 965 740 1006 17,
754 893 837 1005 23³)

101 1018 290 1062 Prohibiti
311 1014 395 1054 sunt
415 1014 534 1052 nostri
549 1009 687 1050 milites
699 1025 719 1048 a
737 1014 837 1048 Rho-

157 1077 229 1117 diis
250 1074 358 1119 vrbe,
378 1081 508 1125 portu,
540 1070 710 1113 statione,
737 1079 839 1104 com-

155 1142 296 1177 meatu,
321 1143 433 1182 aqua,
450 1140 520 1167 etc.
581 1136 647 1171 12,
670 1136 734 1177 15,
755 1125 832 1175 361

101 1191 304 1234 Proiicitur
325 1186 398 1226 hoc
428 1194 546 1225 vento
567 1185 712 1235 Appius
741 1185 778 1228 8,
801 1185 839 1226 8,

698 1279 702 1283 ,
755 1246 840 1286 217

101 1319 374 1368 Προλεγομένας
420 1309 518 1352 disce
549 1321 600 1364 9,
640 1314 706 1357 18,
743 1309 837 1401 268.

760 1374 785 1402 2
819 1373 837 1402 I

103 1430 256 1476 Prolixe
275 1427 389 1469 alicui
409 1425 633 1480 promittere
651 1419 697 1460 de
720 1418 843 1458 aliena

166 1491 375 1530 voluntate,
398 1483 461 1523 vel
487 1481 532 1519 de
555 1478 617 1518 sua
655 1491 696 1530 7,
711 1490 748 1530 5,
769 1483 840 1529 178

107 1547 337 1590 Promittere
374 1537 606 1593 exploratius
637 1538 677 1577 6.
703 1546 739 1581 1,
763 1545 844 1585 140

166 1605 193 1643 fi
236 1601 332 1640 mibi
369 1595 592 1637 alterutrum
629 1592 675 1631 de
706 1602 845 1629 euentu

164 1670 278 1711 atque
317 1657 420 1695 exitu
462 1664 592 1692 rerum
624 1651 846 1705 promitten-

166 1717 258 1756 dum
277 1712 366 1753 ess'et
754 1702 847 1743 ibid.

116 1790 266 1832 Promo.
300 1784 456 1824 Animus
473 1789 560 1819 tuus
582 1778 765 1821 eruditus,
781 1776 849 1829 qui

173 1844 320 1898 semper
355 1838 501 1891 aliquid
536 1851 581 1876 ex
618 1835 653 1875 se
685 1844 851 1888 promat,

173 1900 277 1956 quod
293 1896 388 1938 alios
399 1896 569 1942 delectet,
586 1904 622 1933 te
634 1892 754 1946 ipsum
773 1889 851 1929 lau-

174 1959 284 1999 dibus
304 1954 463 1995 illustret
638 1963 675 2004 ς,
691 1960 755 2001 14,
771 1961 787 1990 1
798 1960 848 2000 25

117 2021 319 2069 Promptus
340 2014 486 2050 animus
515 2018 550 2049 et
577 2004 697 2046 alacer
719 2005 765 2044 ad
791 2005 852 2043 de·

174 2069 402 2114 fendcndam
423 2063 695 2121 rempublicam
725 2075 762 2116 3,
789 2072 854 2110 11,

176 2133 246 2185 76.
292 2125 387 2166 nihil
424 2126 495 2165 tibi
533 2134 608 2162 tam
638 2130 856 2174 promptum

179 2197 246 2227 aut
263 2194 432 2239 paratum
451 2182 513 2227 est,
543 2192 656 2232 quam
677 2181 718 2219 in
737 2176 858 2218 omni-

180 2246 252 2286 bus
271 2243 399 2287 rebus,
420 2251 517 2291 quae
548 2236 597 2274 ad
628 2247 664 2276 te
694 2237 856 2289 pertine-

179 2303 299 2347 bunt,
329 2309 469 2350 opera,
501 2306 612 2341 cura,
640 2292 858 2342 diligentia,

183 2357 389 2398 meraritas
421 2364 503 2391 mea
537 2363 576 2404 ς,
598 2357 637 2400 8,
669 2363 760 2404 113.
802 2362 859 2388 ce.

183 2427 279 2459 tera,
306 2425 402 2464 quae
422 2411 523 2448 tibia
543 2407 669 2447 multi·
681 2415 859 2461 prompta

186 2469 258 2513 effe
278 2477 381 2508 cetto
407 2465 496 2515 fcio,
521 2477 544 2504 a
564 2479 625 2506 me
645 2463 729 2504 sunt
756 2477 862 2517 para-

186 2527 321 2568 tiffima
637 2534 679 2574 4,
703 2533 766 2574 13,
787 2530 859 2562 101

131 2581 391 2631 Ptomulgatio
409 2582 566 2621 Catonis
585 2579 729 2619 nefaria
745 2591 778 2621 1,
795 2588 867 2631 5,7

135 2639 336 2686 Promullis
358 2651 399 2691 9,
419 2641 484 2686 16,
493 2645 589 2692 258.
619 2650 731 2690 quem
749 2646 791 2674 tu
813 2633 870 2674 so-

190 2698 278 2741 litus
299 2710 337 2737 es
357 2695 586 2752 promulfide
611 2694 799 2738 conficere
831 2703 873 2743 9,

704 2751 870 2800 20‚262

890 186 1186 226 Pronunciatum
1211 183 1262 221 est
1284 180 1462 220 omnibus
1485 176 1625 216 ordini-

943 244 1028 289 bus,
1049 240 1110 280 sed
1143 251 1179 280 et
1209 237 1359 288 singulis
1387 241 1424 275 in
1452 249 1627 286 vnoquo-

938 313 1014 353 que
1033 298 1171 337 ordine
1194 296 1385 335 sententiis
1428 300 1464 341 8,
1489 307 1522 338 a,
1544 304 1625 343 207

886 357 1116 411 Propagatio
1147 353 1350 393 miserrimi
1381 362 1561 402 temporis
1589 361 1624 400 ς,

1458 406 1625 458 15,126

891 481 1103 536 Propensus
1123 482 1174 520 est
1201 481 1348 518 animus
1378 475 1548 516 Caesaris
1578 477 1625 513 ad

946 539 1102 578 salutem
1127 549 1230 578 tuam
1252 550 1291 588 4,
1317 546 1382 588 13,
1407 546 1498 574 101.
1540 546 1626 585 pro-

945 596 1058 650 pensa
1096 606 1132 635 ct
1168 604 1352 647 perpetua
1389 593 1429 629 in
1459 589 1626 642 aliquem

943 651 1214 693 beneuolemia
1377 659 1396 690 1
1412 662 1443 694 ι,
1464 654 1527 695 28,
1548 655 1623 699 341

891 726 1100 778 Propcraui
1123 724 1266 772 Rhegio
1293 721 1414 760 ventis
1436 720 1626 769 remisque

946 783 986 820 in
1034 782 1194 834 patriam
1242 780 1349 818 omni
1388 775 1627 816 festinatione

1386 845 1451 878 12,
1463 844 1531 884 25,
1547 841 1626 882 373

892 914 1075 963 Propone
1107 907 1202 946 mihi
1239 916 1326 945 ante
1360 902 1492 943 oeulos
1523 912 1628 939 tuum

946 964 1251 1006 iucundissimum
1288 961 1527 1015 com‘pefium
1550 959 1629 1003 '16‚

949 1035 1016 1065 21,
1038 1028 1134 1075 498.
1163 1033 1342 1074 propono
1370 1019 1465 1057 mihi
1496 1027 1630 1053 corum

952 1082 1123 1131 exempla
1152 1090 1191 1130 4,
1219 1080 1257 1121 6,
1277 1088 1344 1129 91.
1411 1083 1628 1127 proponere

950 1136 1018 1175 fibi
1040 1143 1127 1172 ante
1147 1132 1279 1172 oculos
1304 1143 1344 1183 4,
1369 1144 1406 1185 ς,
1428 1137 1492 1181 89.
1544 1140 1629 1180 pro-

950 1200 1149 1246 ponuntur
1165 1188 1211 1228 ad
1230 1191 1408 1228 timorem
1429 1190 1468 1233 6,
1486 1198 1521 1238 3,
1538 1195 1631 1236 143.

949 1256 1223 1303 proponuntur
1242 1246 1338 1284 mihi
1357 1245 1423 1283 abs
1451 1254 1487 1282 te
1513 1240 1559 1279 ad
1586 1243 1630 1278 ti-

951 1319 1099 1345 morem
1447 1312 1487 1345 2,
1502 1300 1567 1343 16,
1580 1308 1632 1349 57

897 1377 1100 1430 Proprium
1119 1372 1277 1412 alieuius
1301 1371 1491 1425 mancipio
1510 1379 1546 1408 et
1568 1381 1633 1405 ne·

954 1448 1002 1473 xu
1020 1443 1062 1485 7,
1085 1442 1149 1485 30,
1170 1441 1266 1471 201.
1309 1428 1347 1467 id
1377 1429 1559 1479 cuiusque
1581 1425 1632 1462 est

955 1490 1168 1545 proprium,
1194 1500 1271 1540 quo
1302 1486 1463 1539 quisque
1492 1482 1633 1522 fruitur

956 1559 1071 1599 atque
1092 1546 1211 1583 vtitur
1539 1535 1632 1576 ibid.

902 1601 1205 1659 Propugnacula.
1258 1601 1405 1637 Domus
1433 1605 1474 1635 vt
1495 1608 1636 1648 propu-

957 1657 1113 1711 gnacula
1151 1667 1189 1695 et
1234 1655 1457 1708 praefidium
1486 1652 1635 1699 habeat,

960 1715 1167 1757 Philotimo
1196 1712 1324 1750 dicetis
1402 1714 1633 1762 14,18,448

903 1787 1163 1841 Propugnatio
1188 1794 1224 1823 et
1242 1782 1406 1822 defensio
1435 1781 1560 1825 nostra
1583 1778 1638 1822 di-

959 1845 1110 1896 gnitatis
1130 1852 1216 1880 tuae
1241 1852 1274 1888 1,
1292 1851 1334 1892 7,
1354 1851 1392 1891 9.
1423 1848 1638 1891 propugna-

960 1905 1014 1942 tio
1042 1913 1106 1940 tua
1128 1897 1253 1938 salutis
1274 1909 1379 1936 meae
1470 1905 1502 1940 1,
1525 1905 1563 1946 9,
1587 1893 1639 1933 16

908 1979 1024 2016 Prota
1056 1982 1095 2011 et
1115 1969 1250 2022 puppis
1405 1962 1638 2016 16,24‚500

908 2028 1133 2078 Prorogauit
1179 2026 1247 2064 fibi
1288 2022 1640 2075 quattuoruiratum

967 2100 1026 2132 10,
1052 2097 1116 2139 32,
1138 2094 1231 2135 310,
1257 2094 1305 2120 ne
1325 2077 1415 2130 quid
1435 2077 1527 2116 mihi
1549 2089 1641 2116 tem-

964 2145 1068 2200 poris
1089 2148 1319 2194 prorogetur
1334 2148 1374 2181 2,
1390 2145 1446 2179 10,
1466 2145 1534 2188 40.
1561 2133 1642 2171 eni-

966 2213 1059 2248 tere,
1088 2211 1137 2236 ne
1176 2193 1268 2248 quid
1310 2191 1419 2230 nobis
1455 2189 1641 2243 temporis

967 2263 1197 2312 prorogetur
1219 2263 1254 2303 3³
1279 2258 1424 2301 10,71.
1476 2261 1523 2286 ne
1550 2258 1642 2284 tem-

964 2328 1035 2370 pus
1064 2311 1178 2351 nobis
1213 2307 1431 2362 prouinciae
1464 2315 1644 2357 proroge-

970 2382 1034 2412 tur
1056 2380 1094 2415 2,
1121 2373 1159 2415 8,
1182 2372 1244 2418 38.
1290 2359 1404 2401 veiim
1437 2361 1508 2400 tibi
1534 2372 1645 2398 curae

972 2429 1025 2470 fit.
1050 2439 1096 2465 ne
1117 2423 1207 2461 mihi
1241 2430 1387 2472 tempus
1416 2427 1647 2471 prorogetur

977 2496 1042 2537 ις,
1066 2494 1132 2534 13,
1156 2488 1250 2532 470.
1303 2487 1399 2524 rogo
1422 2484 1536 2527 atque
1563 2485 1647 2519 oro,

976 2555 1024 2582 ne
1062 2540 1205 2594 patiare
1243 2534 1333 2572 mihi
1366 2530 1572 2584 quidquam
1600 2530 1648 2568 ad

977 2599 1072 2650 hanc
1119 2588 1391 2648 prouincialem
1445 2586 1652 2626 molestiam

979 2653 1161 2708 temporie
1183 2647 1382 2703 prorogari
1478 2657 1519 2693 2,
1535 2655 1578 2699 7,
1600 2654 1652 2696 37

924 2724 1157 2778 Proscriptus
1175 2718 1314 2761 fundam
1420 2726 1460 2769 9,
1481 2728 1551 2769 ες,
1570 2716 1655 2766 269

980 2795 1112 2841 Bbbb
1139 2806 1170 2849 4
1530 2782 1660 2827 Prose-
