1881 3173
644 75 867 118 PAVLLI
903 78 1192 121 MANVTII
1228 82 1424 123 INDEX

318 184 469 235 gotium
502 185 690 226 conficere
721 199 786 234 10,
821 197 888 242 17,
907 200 1003 242 290.

318 255 364 281 ex
389 240 568 281 sententia
588 257 667 282 rem
695 255 826 292 gerere
853 257 936 298 1,7‚
951 258 1004 286 11.

316 299 381 339 Ex
411 299 617 338 voluntate.
673 301 709 337 Si
733 301 825 351 quid
847 300 1003 344 fecerim

311 354 389 393 hoc
407 354 490 407 ipso
511 357 551 393 in
573 353 676 393 bello
698 359 824 399 minus
846 372 891 396 ex
910 361 1004 398 Cae-

314 411 405 450 saris
430 409 628 449 voluntate
734 423 800 465 13²
823 426 894 466 29,
915 427 1000 468 407

233 486 237 491 ’
258 485 412 526 Exafflo
433 483 596 534 capitum
615 491 733 535 atque
755 485 938 523 ostiorum
962 497 1000 538 3,

884 549 924 589 82
943 545 1000 584 66

256 598 467 638 Emeum-e.
549 593 829 635 Sollicitudines
895 613 998 636 meas

310 653 482 706 quotidie
509 655 627 701 magis
658 665 721 691 tua
749 655 884 693 merita
915 669 999 694 exa-

314 721 432 749 cuunt
737 722 802 757 10,
821 724 890 758 23,
915 724 995 765 299

255 770 474 818 Exaequarc
495 765 703 805 ambitione
720 768 882 820 quadam
895 779 999 808 com-¹

309 822 570 862 mendationes
739 836 804 877 13,
824 838 890 878 32,
909 839 993 880 409

253 882 450 930 Exagitare
471 893 528 918 res
543 878 667 932 palam
864 894 902 928 1,
922 896 955 930 1,
971 896 992 936 3

251 939 498 980 Exanimatus
519 933 596 975 sum
618 938 690 975 tuis
706 935 843 976 litteris
874 946 910 987 3,
926 944 990 987 16,

308 1007 405 1047 233.
487 996 689 1033 exanimati
719 1008 851 1033 omnes
883 1007 920 1035 ct
937 996 992 1035 su·

308 1053 426 1106 speufi
778 1056 817 1098 6,
842 1064 878 1100 1,
910 1064 986 1106 141

251 1122 445 1169 Exurtleo.
492 1122 613 1161 Exarfi
641 1137 721 1161 non
740 1120 861 1161 solum
884 1137 990 1176 prae-

307 1180 401 1220 senti
421 1179 630 1225 iracundia,
659 1190 728 1219 etc.
799 1192 835 1227 Ι,
866 1193 904 1232 9,
933 1193 989 1234 24

248 1240 412 1282 Exareo.
443 1238 594 1275 Exaruit
617 1239 690 1274 iam
712 1247 819 1275 vetus
839 1239 989 1277 vrbani—

303 1306 358 1334 tas
379 1306 419 1347 7,
445 1304 507 1345 312
530 1304 625 1333 201.
686 1293 883 1332 exaruisset
909 1294 986 1347 ipsa

302 1351 390 1397 illa,
421 1352 445 1389 si
475 1363 548 1401 qua
572 1349 646 1387 fuit
670 1351 711 1387 in
734 1365 794 1388 me
830 1350 985 1389 facultas

300 1408 501 1453 orationis,
526 1407 606 1453 nili,
627 1417 692 1446 etc.
753 1419 792 1460 9,
815 1414 877 1455 18,
900 1411 987 1449 260

243 1482 387 1524 Exaro.
429 1479 588 1516 Exaraui
609 1478 744 1516 harum
770 1477 983 1531 exemplum

301 1540 342 1577 in
361 1533 544 1575 codicillis
763 1547 802 1588 9,
821 1539 890 1582 26,
903 1547 984 1587 270

243 1592 408 1637 Excedo.
439 1588 626 1630 Exceffiffe
645 1590 724 1629 vita
808 1604 848 1641 4,
869 1604 905 1644 5,
929 1598 981 1643 39

240 1649 396 1695 Excelso
419 1658 455 1688 et
471 1647 609 1687 illustri
628 1648 715 1687 loco
735 1649 798 1687 fita
818 1648 898 1688 laus
918 1659 981 1687 tua

808 1718 848 1752 2,
872 1719 908 1759 52
930 1718 981 1758 33

242 1764 438 1818 Exceptio,
463 1771 648 1815 quantum
677 1758 837 1809 valeam,
865 1777 977 1815 quan-

295 1833 454 1874 tumque
475 1819 603 1872 possim
623 1821 662 1866 6,
688 1831 726 1871 ς,
750 1822 844 1873 146.
901 1817 984 1873 pol·

293 1879 415 1920 liceor
453 1877 533 1915 tilio
566 1887 632 1914 tuo
662 1877 826 1914 studium
853 1891 980 1916 meum

296 1948 334 1976 et
354 1948 512 1990 operam
536 1934 610 1972 sine
631 1932 706 1972 vlla
745 1936 979 1986 exceptione,

291 2005 361 2033 aut
401 1992 556 2037 laboris,
593 2001 657 2028 aut
704 1992 979 2043 occupationiS,

294 2061 361 2090 aut
391 2049 576 2102 temporis
883 2047 976 2087 ibid.

236 2120 399 2165 Excidit
419 2121 612 2175 cogitatio.
668 2120 776 2167 Qae
796 2120 976 2168 cogitatio

293 2193 379 2218 cum
403 2178 499 2216 mihi
533 2188 613 2214 non
637 2178 799 2215 omnino
823 2175 977 2214 excidis-

288 2236 354 2280 set,
375 2246 444 2275 etc.
736 2245 772 2286 5,
805 2244 870 2284 13,
899 2246 974 2286 123

234 2294 407 2348 Excipio.
488 2291 599 2328 Tum
634 2303 694 2328 me
728 2303 749 2327 a
782 2290 976 2341 republica

231 2353 234 2356 ’
289 2351 476 2390 moestum
499 2346 634 2385 domus
654 2348 864 2399 excipiebat
881 2350 976 2399 4,6,

289 2419 360 2460 91.
411 2405 584 2456 excipere
615 2417 673 2441 res
707 2402 852 2456 aliquas
884 2405 976 2443 alte·
1026 2417 1028 2420 ·

287 2466 367 2504 rius
400 2462 665 2501 exhortatione
709 2468 768 2506 10,
795 2472 837 2514 7,
876 2468 972 2513 278.

287 2523 461 2572 excipere
480 2516 635 2556 alterius
656 2516 798 2556 fac-“mm
826 2529 890 2556 aut
919 2518 975 2555 di-

286 2580 391 2616 &um
436 2574 571 2614 illustri
627 2575 745 2622 gratia
788 2586 823 2621 Ι,
844 2587 882 2627 9,
903 2578 971 2616 26.

282 2636 453 2685 excipere
475 2630 624 2669 labores
743 2640 807 2683 14,
826 2642 861 2679 2,
883 2641 969 2685 437

229 2692 400 2733 Excitare
419 2687 583 2740 aliquem
605 2685 819 2739 possumus,
851 2691 967 2729 maxi-

286 2761 347 2787 me
385 2747 412 2787 fi
450 2759 537 2785 eum
582 2742 777 2786 laudemus
808 2757 873 2801 ις,
896 2758 966 2793 21,

1114 202 1212 246 479.
1265 197 1428 234 excitare
1474 194 1656 237 afflietum
1675 195 1738 247 '1‚‘
1759 210 1800 252 9,

1116 260 1183 288 20.
1220 254 1401 290 excitare
1422 252 1538 292 risum
1581 267 1618 306 3,
1645 266 1711 302 11,
1731 260 1801 309 76.

1112 306 1298 346 Excitare
1317 309 1524 360 firmones.
1568 313 1625 349 De
1648 313 1801 351 Partho-

1110 374 1199 400 rum
1224 367 1377 403 tranfitu
1410 368 1541 404 nuncii
1562 370 1692 406 varios
1724 368 1800 408 ser-

1111 431 1245 457 mones
1273 423 1485 461 excitarunt
1569 430 1607 472 8,
1634 435 1698 471 10,
1715 437 1796 478 223

1054 486 1240 528 Excitata
1253 490 1430 542 fortuna.
1487 493 1702 546 Improuidi
1733 498 1798 544 est,

1109 546 1158 584 ab
1187 549 1343 586 excitata
1376 547 1533 588 fortuna
1563 550 1609 589 ad
1640 551 1797 592 inclina-

1110 612 1187 640 tam
1220 602 1428 652 fortunam‚
1458 617 1496 645 et
1524 621 1647 661 prope
1673 611 1798 648 iacen-

1108 669 1184 698 tem
1206 659 1403 700 desciscere
1588 678 1626 712 2,
1654 669 1716 712 16,
1735 670 1795 720 46

1050 728 1257 770 Excludcre
1277 746 1297 770 a
1332 743 1447 786 portu
1467 743 1511 782 ‘et
1541 736 1719 788 perfugio
1752 750 1792 790 ς,

1109 797 1174 839 Ις,
1196 792 1289 831 126.
1327 790 1495 830 Lz'xclztdi
1515 795 1688 832 maxima
1708 804 1795 833 tur-

1103 844 1164 883 ba.
1213 848 1306 885 Non
1323 849 1484 886 maxima
1509 862 1569 887 me
1591 851 1704 888 turba
1727 864 1789 890 ex-

1105 899 1204 939 cludi
1227 915 1334 955 pmo,
1366 905 1444 956 quo
1470 906 1596 944 minus
1626 908 1696 946 tibi
1725 921 1791 947 va·

1105 969 1176 1005 cet,
1195 974 1255 997 me
1285 962 1470 1012 excipere,
1498 973 1536 1001 et
1567 962 1614 1001 ad
1643 966 1788 1012 omnia,

1104 1028 1202 1068 quae
1223 1015 1330 1064 velis,
1342 1028 1390 1057 eet
1405 1019 1559 1071 proba,
1573 1021 1786 1073 producere

1526 1088 1591 1123 12,
1619 1089 1681 1130 13,
1705 1082 1788 1131 356

1044 1143 1211 1182 Excubat
1229 1143 1328 1197 apud
1357 1158 1426 1183 nos
1449 1160 1535 1184 cura
1553 1147 1788 1201 reipublicae

1102 1199 1268 1240 summae
1287 1200 1545 1242 defendendae
1571 1216 1636 1251 10,
1652 1213 1687 1254 8,
1701 1211 1782 1256 281

1044 1256 1275 1297 Excnrrere.
1331 1259 1514 1299 Mandaui
1546 1264 1698 1315 vtrique
1718 1277 1784 1302 eo-

1098 1327 1196 1362 rum,
1220 1326 1260 1354 vt
1283 1324 1369 1355 ante
1388 1316 1436 1354 ad
1448 1331 1507 1355 me
1526 1330 1786 1368 excurrerent,

1097 1381 1168 1411 etc.
1617 1387 1653 1428 3,
1667 1388 1708 1430 7,
1727 1380 1783 1420 62

1042 1440 1327 1482 Excusationem
1345 1445 1600 1493 angustiarum
1613 1449 1668 1486 tui
1691 1458 1785 1488 tem.-

1097 1500 1202 1550 poris
1227 1502 1373 1553 accipio
1538 1506 1604 1550 16,
1616 1516 1684 1551 21,
1695 1517 1784 1558 497

1039 1570 1289 1611 Excueiuntur
1313 1571 1461 1611 litterae
1476 1571 1655 1613 sexcentis
1684 1574 1781 1614 locis

1101 1637 1164 1673 ιο,
1190 1639 1253 1679 31,
1281 1640 1372 1682 309.
1430 1629 1572 1668 excussa
1602 1630 1780 1672 seueritas

1096 1695 1204 1722 vetus
1548 1700 1588 1739 9,
1611 1700 1676 1736 10,
1695 1700 1783 1745 242

1038 1754 1259 1807 Exemplum
1277 1770 1412 1797 tearum
1437 1756 1651 1798 litterarum
1677 1759 1780 1800 infra

1094 1810 1272 1864 scriptum
1302 1816 1351 1852 est
1381 1819 1419 1861 6,
1446 1823 1483 1863 8,
1505 1827 1598 1869 155.
1656 1831 1781 1857 exem·

1092 1867 1197 1921 plum
1228 1868 1440 1910 litterarum
1470 1885 1506 1926 3,
1531 1886 1568 1926 3,
1592 1885 1658 1926 55.
1715 1889 1778 1915 ex-

1092 1925 1260 1978 emplum
1280 1927 1610 1981 praeclariflimum
1639 1932 1681 1969 in
1709 1944 1778 1985 po-

1093 1983 1230 2021 sterum
1281 1986 1530 2026 vindicandae
1578 1986 1775 2028 seditionis
1837 1998 1841 2000 '

1091 2037 1139 2078 de
1186 2041 1380 2093 republica
1417 2042 1551 2083 tollere
1595 2056 1628 2091 ι,
1648 2056 1686 2096 9,
1708 2056 1776 2087 21.

1091 2096 1196 2148 quod
1219 2099 1396 2152 exemplo
1415 2102 1470 2148 fit,
1489 2101 1529 2140 id
1557 2102 1672 2139 etiam
1688 2101 1776 2141 'iure

1089 2155 1173 2191 fieri
1208 2165 1354 2207 putant,
1380 2167 1418 2196 et
1463 2157 1630 2212 aliquid,
1657 2168 1774 2212 atque

1090 2209 1187 2248 adeo
1216 2212 1349 2261 multa,
1369 2213 1514 2255 addunt
1542 2225 1579 2255 et
1604 2213 1775 2258 afferunt

1088 2266 1136 2306 de
1156 2266 1224 2306 suo
1597 2285 1638 2325 4,
1657 2286 1679 2326 3
1717 2279 1769 2326 83

1031 2334 1146 2376 Exeo„
1206 2340 1539 2386 Qemadmodum
1580 2354 1685 2383 exeat
1724 2357 1772 2386 ex

1083 2393 1153 2433 hac
1178 2395 1299 2434 causs'a
1324 2405 1360 2446 8,
1382 2402 1418 2445 6,
1441 2411 1537 2452 215.
1575 2414 1654 2438 non
1683 2399 1769 2453 plus

1082 2464 1198 2503 quam
1236 2454 1301 2492 has
1352 2454 1518 2501 litteras,
1547 2470 1639 2509 quas
1668 2471 1771 2497 nunc

1081 2506 1198 2557 legis,
1238 2513 1449 2551 existimans
1492 2515 1657 2552 exituras
1699 2527 1770 2567 15,

1589 2582 1659 2619 21,
1678 2581 1769 2626 479

1025 2619 1280 2672 Eteri-erest.
1335 2624 1391 2665 Ad
1412 2621 1503 2664 haec
1531 2636 1566 2666 te
1590 2640 1767 2670 exerceas

1085 2686 1261 2732 137,12.
1299 2695 1476 2727 exercere
1505 2684 1625 2732 studia
1655 2698 1696 2741 9,
1727 2695 1767 2738 3,

1318 2757 1320 2759 ’
1681 2756 1768 2799 244

1618 2818 1768 2871 Exerci-

1858 1989 1870 2023 σε,
1862 1962 1872 1975 .
1862 1910 1873 1944 ν.
1857 1844 1873 1897 -32
1856 1728 1873 1834 ;;“ψ.ν-
1853 1464 1872 1716 4ffl——-
1868 1444 1870 1451 -
1868 1414 1869 1420 ⁴

1848 2554 1874 2719 inse—33³²
1860 2534 1864 2539 ’
1848 2461 1873 2509 ‘s'-

1835 3122 1861 3173 zm
1841 3098 1850 3111 2
1839 3021 1857 3089 m«
1838 2748 1873 3015 sunna-:nv
1846 2719 1871 2740 f.
