1881 3173
539 122 611 164 IN
646 122 760 162 CIC.
804 120 995 162 EPIST.
1029 120 1167 162 PAM.

83 234 199 275 Irati.
231 229 346 273 Tres·
369 231 505 272 fratres
552 231 699 272 summo
742 231 828 272 loco

140 301 250 330 natos
281 288 374 329 nolo
408 302 445 330 te
472 290 613 330 habere
638 293 757 329 iratos
787 302 828 336 2,

688 352 750 394 18,
773 357 821 398 51

83 406 144 443 Ire
157 402 205 442 ad
228 416 330 441 arma
353 409 391 451 8,
413 414 477 455 15,
503 412 595 455 233.
625 404 680 441 ire
697 406 736 440 in
754 405 827 441 alia

141 461 270 499 omnia
297 473 330 506 ι,
352 471 392 505 2,
415 471 454 512 4.
486 466 522 508 S,
547 470 610 512 13,
631 471 728 511 229.
771 461 829 498 ire

138 519 177 555 in
198 516 355 554 alterius
387 514 610 555 sententiam
655 551 659 557 .
701 527 829 568 1,2‚4

84 573 135 615 15.
162 573 204 612 ld
224 574 356 611 aetatis
378 570 502 611 sumus
613 574 651 618 6,
664 583 733 618 20,
748 574 829 624 167

81 643 181 686 lsara
212 645 353 682 flumen
385 646 592 682 maximum
619 645 660 681 in
688 643 828 682 finibus

143 700 396 750 Allobrogum
590 712 655 746 10,
674 712 732 752 ις,
745 706 828 751 289

86 758 206 798 Isauri
601 769 664 809 15,
684 769 725 803 2,
744 769 828 809 452

85 830 209 884 istinc.
238 830 348 870 Istinc
370 838 406 868 te
429 842 477 867 ne
499 837 642 868 temere
663 841 830 866 commo-

141 899 229 924 veas
597 886 637 932 6,
659 896 727 932 20,
750 887 827 931 168

86 945 143 982 Ita
169 945 216 982 ab
243 941 530 981 inminentibus
564 943 671 981 malis
702 955 831 994 respu-

144 1000 240 1038 blica
287 1014 348 1037 me
391 996 598 1037 adiuuante
644 998 831 1038 liberetur

150 1069 212 1104 10,
227 1068 265 1109 9,
279 1062 374 1104 282.
401 1056 453 1093 ita
474 1058 602 1108 vinam
645 1069 685 1103 2,
700 1067 828 1107 13,43

89 1129 180 1168 Iter.
207 1129 387 1166 itinerum
411 1127 509 1164 ratio
601 1178 604 1179 ⁷
653 1139 688 1178 3,
715 1138 751 1178 5,
777 1131 826 1177 58

89 1187 233 1224 Iterum
254 1196 291 1223 et
310 1183 455 1235 saepius
484 1193 519 1221 te
540 1196 636 1232 rogo
669 1194 733 1234 13,
761 1192 832 1231 42,

745 1249 829 1290 413

91 1311 164 1350 Ito.
193 1313 291 1348 ltare
319 1307 365 1347 ad
395 1323 503 1347 cenas
616 1311 828 1363 9‚24,268

90 1366 279 1406 Iudicium
316 1367 447 1418 capitis
472 1377 513 1418 7,
530 1376 701 1417 30‚201.
734 1365 832 1403 iudi-

147 1425 247 1462 cium
280 1420 496 1462 limatulum
523 1435 559 1462 et
588 1421 751 1474 politum
789 1434 832 1475 7,

150 1492 213 1532 33.
235 1491 330 1531 204.
357 1480 540 1518 iudicium
576 1481 757 1518 lincerum
790 1493 832 1517 ae

148 1537 285 1575 subtile
310 1548 374 1588 15,
396 1539 435 1584 6,
455 1540 551 1588 463.
580 1536 831 1582 iudicio,non

147 1594 232 1632 casu
258 1604 297 1640 2,
324 1604 365 1645 7,
389 1596 450 1645 36.
505 1592 654 1632 Iudicia
676 1593 827 1639 iniusta.

146 1648 280 1690 Multis
303 1647 507 1687 fortiffimis
530 1661 643 1702 atque
672 1651 828 1701 optimis

146 1709 254 1752 viris,
277 1707 420 1743 iniustis
441 1706 590 1744 iudiciis
611 1705 755 1745 aduerli
775 1720 832 1745 ca-

149 1763 207 1802 sus
226 1762 441 1802 acciderunt
600 1775 637 1816 ς,
663 1774 725 1815 17,
750 1775 829 1816 129

93 1833 240 1878 Iudico.
279 1831 402 1873 Video
431 1848 583 1884 magnas
614 1834 835 1886 impendere

153 1888 378 1938 discordias,
409 1906 501 1945 quas
530 1890 676 1931 ferrum
704 1902 741 1930 et
775 1894 833 1931 vis

151 1947 335 1987 iudicabit
611 1953 649 1995 8,
671 1958 734 1999 14,
749 1961 829 2001 231

95 2020 226 2060 iuraui
245 2016 474 2056 veriffimum
501 2017 767 2057 iusiurandum
801 2032 837 2071 5,

152 2089 193 2123 2,
220 2085 308 2127 ¹07·
338 2075 466 2112 iurare
487 2073 714 2114 calumniam
739 2083 777 2124 8,
799 2083 837 2124 g,

150 2138 248 2180 218.
275 2132 404 2169 iurare
436 2132 571 2170 Iouem
599 2131 764 2185 lapidem
794 2144 837 2186 7,

673 2196 839 2243 12,184

95 2261 171 2301 Ius.
227 2259 368 2298 Omnia
410 2256 494 2297 sunt
522 2260 678 2308 incerta,
706 2275 790 2299 cum
816 2274 839 2299 a

154 2318 237 2355 iure
257 2314 451 2354 disceffum
481 2317 531 2354 est
624 2330 663 2370 9,
679 2321 742 2364 165
755 2328 838 2370 255

96 2374 161 2413 Ius
182 2372 346 2410 dandum
371 2386 448 2410 non
479 2371 565 2420 fuit,
589 2389 673 2413 cum
703 2383 841 2413 nsanos-‹5-

155 2446 267 2476 μαχσς
290 2427 380 2468 ess'es
403 2431 467 2474 16,
486 2437 634 2481 4,482.
658 2433 715 2470 ius
727 2433 841 2470 Athe-

154 2488 321 2531 rianum,
352 2486 570 2525 Hirtianum
625 2491 839 2540 9‚18,260

97 2558 195 2599 Iusta
235 2567 271 2595 et
305 2555 443 2595 idonea
482 2558 721 2598 excusatione
752 2558 838 2598 vsus

155 2627 195 2652 es
215 2613 494 2652 intermiffionis
522 2612 738 2655 litterarum
773 2619 838 2664 16,

156 2682 226 2723 25,
246 2679 339 2722 501.
394 2672 591 2712 iustiorem
635 2672 837 2711 habuimus

156 2725 335 2766 Bibulum
386 2737 421 2774 1,
451 2740 491 2778 4,
521 2741 554 2781 5.
625 2729 839 2768 iustiffimae

159 2781 303 2822 cauffae
658 2798 698 2837 4,
719 2797 758 2838 4,
783 2792 837 2839 ες

1236 233 1279 272 Κ.

975 314 1189 350 ακοςόμκχος
1411 306 1475 351 16,
1486 313 1526 355 4,
1538 310 1622 357 482

1003 359 1127 401 Κανῶν
1165 361 1390 413 scriptorum
1423 363 1623 399 Ciceronis

939 421 1046 459 'siro
1381 428 1395 457 1
1406 419 1445 463 6,
1463 427 1524 468 ¹7›
1537 429 1622 468 493

887 485 997 526 Κατὰ
1030 488 1196 535 Διόδωρον
1224 495 1342 535 κρίνειν
1374 495 1450 534 περὶ
1478 493 1625 525 δυνατῶν

940 558 978 598 9,
1001 559 1041 597 4,
1064 557 1160 595 240.
1198 546 1276 583 κατ’
1311 542 1452 582 εἰδώλων
1490 551 1627 588 Φαντα-

941 609 1016 645 σῙ-ῑς
1062 615 1126 655 15,
1154 604 1218 648 16,
1239 612 1336 655 472.
1397 606 1488 640 κατὰ
1525 597 1626 648 Χρό-

943 676 1062 697 σιππον
1091 665 1229 697 δυνατὸν
1417 669 1458 710 9,
1478 666 1519 710 4,
1540 667 1624 709 240

887 727 1012 777 Κςίσις
1531 725 1624 767 ibid.

887 783 1023 829 Krn‘m
1063 783 1144 823 sum
1191 784 1305 824 Attici
1342 784 1460 823 nostri
1486 795 1529 838 7,
1558 795 1627 835 29,

1545 852 1626 893 199

887 909 990 961 Κύρυ
1011 918 1167 952 παιδείαν
1189 914 1444 953 contriueram
1463 910 1626 961 legendo

909 1023 923 1029 ,
1397 981 1437 1023 9,
1458 982 1526 1022 25,
1544 968 1628 1020 269

887 1024 1051 1073 Κωμικὸς
1092 1033 1226 1075 μάρτυς
1414 1039 1456 1072 2,
1487 1037 1550 1079 13,
1570 1038 1626 1081 43

1239 1198 1284 1240 L.

889 1307 1179 1404 LabefJRata
1215 1311 1397 1358 cogitatio
1427 1310 1467 1349 vi
1491 1318 1630 1362 tempe·

998 1366 1144 1413 statum,
1171 1376 1208 1405 et
1232 1366 1415 1406 concursu
1444 1365 1630 1405 calamita-

941 1432 1022 1460 tum
1417 1435 1456 1475 5,
1481 1435 1627 1477 13,123

887 1493 1016 1532 labeo
1046 1491 1218 1543 Segulius
1331 1498 1335 1503 ⁴
1383 1505 1435 1541 11,
1455 1506 1523 1541 20,
1548 1507 1629 1549 333

887 1551 1070 1589 Laberius
1412 1562 1456 1603 7,
1475 1556 1535 1596 ?11,
1558 1559 1627 1600 183

886 1609 1076 1647 Labienus
1105 1620 1188 1646 rem
1216 1605 1417 1646 meliorem
1448 1606 1538 1647 fecit
1570 1621 1631 1662 14.

1467 1677 1524 1716 14,
1544 1668 1630 1717 446

889 1734 1027 1775 Labor.
1066 1737 1290 1787 Numquam
1309 1733 1451 1783 labere,
1466 1737 1490 1775 fi
1510 1746 1547 1775 te
1567 1750 1633 1775 au-

948 1792 1027 1830 dies
1048 1805 1088 1838 2,
1111 1804 1154 1844 7,
1178 1794 1230 1844 36
1269 1790 1393 1845 lapsus
1414 1792 1633 1847 impruden-

947 1851 1000 1888 tia
1034 1860 1093 1896 ·10,
1112 1859 1297 1901 23,297.
1340 1847 1463 1902 lapsus
1487 1851 1632 1890 iudicio

1388 1917 1446 1959 15,
1468 1919 1528 1955 21,
1546 1919 1631 1961 479

890 1975 1059 2016 Laborat
1080 1974 1192 2015 valde
1212 1989 1283 2029 pro
1302 1978 1429 2030 Appio
1445 1984 1480 2026 8,
1493 1978 1632 2031 6‚215.

949 2031 1126 2072 laborare
1157 2030 1289 2072 alienis
1312 2034 1420 2072 malis
1443 2048 1485 2085 4,
1508 2052 1542 2086 3,
1566 2042 1633 2088 83.

950 2088 1126 2129 laborare
1141 2103 1186 2128 ex
1201 2089 1384 2129 defiderio
1398 2094 1456 2137 16,
1469 2103 1522 2138 11,
1534 2100 1632 2143 488.

951 2145 1128 2186 laborare
1165 2160 1209 2185 ex
1264 2149 1448 2186 intestinis
1493 2160 1533 2200 7,
1561 2148 1634 2195 26,

956 2207 1051 2256 196.
1087 2202 1262 2243 laborare
1311 2218 1356 2244 ex
1403 2204 1564 2258 pedibus
1592 2217 1635 2258 9,

953 2273 1021 2313 23,
1041 2264 1138 2314 267.
1172 2258 1349 2300 laborare
1377 2260 1489 2300 valde
1519 2261 1566 2301 de
1592 2276 1636 2301 re

952 2316 1081 2370 aliqua
1134 2329 1194 2370 13,
1217 2329 1282 2371 50,
1316 2321 1409 2370 416.
1456 2317 1636 2359 laborare

954 2374 1001 2412 de
1030 2389 1072 2414 re
1097 2372 1255 2413 alicuius
1287 2377 1423 2425 13,26,
1442 2386 1538 2427 403.
1582 2374 1636 2416 la-

951 2433 1091 2472 borare
1137 2430 1183 2470 de
1217 2432 1426 2470 amicorum
1460 2435 1635 2485 pecunia,

951 2489 1144 2528 honestius
1166 2488 1230 2535 est,
1268 2501 1383 2540 quam
1409 2487 1454 2529 de
1482 2488 1546 2528 sua
1576 2502 1636 2543 13,

955 2556 1013 2596 14,
1037 2557 1127 2598 393.
1169 2543 1368 2584 laboratur
1386 2546 1635 2587 vehementer

954 2613 987 2648 1,
1009 2613 1041 2650 1,
1062 2615 1097 2655 3.
1147 2599 1400 2641 laborandum
1437 2604 1487 2641 est
1515 2605 1554 2642 in
1573 2606 1635 2653 {iis

952 2660 1111 2705 artibus,
1135 2660 1271 2711 quibus
1293 2671 1359 2698 eae
1382 2657 1510 2698 laudes
1534 2673 1635 2699 com-

951 2726 1145 2768 parantur,
1173 2728 1339 2776 .quarum
1357 2714 1518 2766 gloriam
1548 2717 1635 2757 ada-

953 2785 1098 2812 mamus
1462 2786 1501 2821 2,
1519 2786 1561 2826 4,
1583 2786 1634 2827 33

1457 2845 1639 2892 Labrum,
