1881 3173
37 2318 41 2329 '
95 2323 257 2364 Euenire
283 2323 335 2360 in.

552 107 621 149 IN
655 107 774 148 CIC.
810 104 1000 149 EPIST.
1029 103 1164 146 ΕΔΜ.

89 220 208 264 Erudi
241 219 501 261 filium‘tuum
533 223 750 262 imitatione
779 220 836 260 tui

150 289 188 324 Ι,
208 290 250 325 7,
274 289 337 330 13.
375 277 547 318 eruditus
569 280 716 317 animus
744 276 836 316 sem-

149 348 217 387 per
238 334 383 387 aliquid
404 349 448 373 ex
477 334 513 374 se
543 337 700 388 promit,
729 332 835 387 quod

89 420 92 423 .
147 391 244 429 alios
292 390 465 440 delectet,
505 391 625 445 ipsum
656 390 833 430 laudibus

147 447 306 487 illustret
599 460 637 500 5,
662 459 728 500 14.
756 460 769 487 ι
785 459 829 499 :5

91 504 242 544 Emere.
330 505 373 542 Et
395 503 486 543 intie
506 513 628 544 tamen
653 519 738 543 euin
766 501 832 540 ali·

147 559 300 611 quando
321 574 451 599 eruam
613 572 647 614 ς,
669 570 730 609 10,
752 558 832 602 116

89 629 169 687 Eſjb
198 632 239 669 in
269 631 540 683 exspellcztione
571 633 739 671 omm'mn
773 643 831 669 re-

144 702 240 726 rum.
329 691 418 726 Sum
464 690 506 728 in
551 687 830 742 exspeflatione

146 747 320 783 omnium
370 759 523 791 rerum,
553 745 645 799 quid
680 753 835 794 geratur

144 803 187 840 in
228 804 342 851 vrbe,
374 813 414 843 vt
441 800 551 842 stiam
593 813 658 849 10,
680 815 720 854 4,
741 803 834 843 2⁴¹6·

147 859 198 896 cst
241 860 281 895 in
324 859 602 912 exspuet-atione
648 859 832 898 aduentus

148 914 314 954 ‹Juesaris
347 929 386 968 9,
418 920 454 962 6,
477 929 574 969 241.
616 917 667 955 est
682 915 776 955 mihi
793 916 833 953 in

147 974 277 1011 auimo
307 985 345 1018 2,
375 985 435 1025 ¹3
445 986 523 1052 43.
581 974 631 1012 est
669 973 764 1012 mihi
794 972 834 1009 in

148 1032 289 1083 optatis
312 1027 666 1084 i.·'·i‹l.1‡·.·,c.·12s1'nu
686 1040 722 1068 et
741 1042 833 1068 com·

144 1099 199 1140 ρ..
189 1101 271 1124 exau.
331 1085 398 1125 111,
418 1103 452 1125 κε
454 1101 512 1126 ro
538 1089 692 1139 (Cicero
710 1083 830 1135 filius)

150 1144 193 1182 iit
219 1144 255 1180 in
286 1155 361 1181 {mu
396 1142 466 1182 scu.
458 1158 538 1196 per
570 1152 606 1182 ct
634 1141 831 1196 complexu

147 1213 234 1239 meo
259 1207 322 1251 14,
351 1213 385 1249 4,
408 1213 501 1253 440.
541 1200 612 1238 elle
641 1198 753 1239 alisui
779 1208 832 1236 τε·

148 1258 324 1295 stimonio
360 1267 421 1305 10,
448 1266 506 1308 17,
529 1267 624 1309 291.
673 1258 712 1295 in
746 1267 832 1293 aere

148 1311 307 1352 alicuius
341 1323 406 1366 15,
450 1323 512 1358 14,
539 1317 636 1366 463.
693 1315 732 1351 in
768 1310 831 1350 ali·

148 1383 261 1423 quem
321 1370 497 1418 {iugulari
565 1367 832 1409 beneuolentia

153 1438 217 1474 10,
240 1438 308 1478 29,
336 1439 430 1480 205.
474 1425 545 1466 effe
576 1429 614 1465 in
650 1425 832 1465 defiderio

149 1497 278 1523 rerum
319 1485 585 1524 carfiilimarum
614 1494 655 1531 2,
681 1495 746 1529 12,
765 1494 834 1533 42.

147 1543 190 1580 in
211 1539 342 1580 eadem
364 1542 452 1579 naui
480 1550 518 1586 2,
538 1554 572 1593 5,
598 1552 658 1593 33.
690 1539 762 1579 ess'e
793 1541 833 1577 in

148 1597 291 1636 summa
322 1597 600 1650 exspef'tatione
648 1609 688 1643 2,
707 1607 745 1646 3,
766 1604 834 1646 32.

148 1656 188 1693 in
209 1667 342 1703 magna
362 1653 424 1708 spe
575 1667 637 1706 13,
661 1662 725 1705 19,
752 1659 831 1705 398

94 1724 275 1767 Effedarii
397 1733 436 1777 7,
455 1727 492 1771 6.,
511 1736 604 1777 179.
619 1735 659 1777 7,
675 1735 737 1771 10,
757 1729 834 1770 182

93 1781 268 1824 Efl'edum
290 1779 450 1835 aliquod
475 1780 612 1820 suadeo
643 1782 767 1834 rapias
795 1790 835 1832 7,

681 1846 722 1890 7,
755 1840 836 1886 180

94 1907 254 1963 thfiae.
289 1906 381 1956 Ego,
412 1908 478 1947 nifi
500 1907 592 1961 quid
614 1921 673 1946 me
695 1908 833 1946 iitefiae

152 1966 420 2010 morabuntur,
439 1964 623 2013 celeriter,
644 1975 685 2004 vt
711 1964 833 2017 spero,

150 2037 219 2062 vos
238 2022 380 2060 videbo
413 2032 448 2069 ει,
471 2032 536 2076 15,
557 2035 624 2075 45.
683 2022 833 2068 Etesiae,

150 2081 251 2133 quasi
276 2080 370 2117 boni
389 2081 500 2126 ciues,
522 2081 748 2118 Ciceronem
775 2091 833 2116 re·

149 2136 387 2189 linquentem
429 2134 702 2189 rempublicam
747 2144 835 2188 pro-

153 2193 257 2246 sequi
277 2191 483 2231 noluerunt
594 2201 657 2239 12,
669 2204 736 2244 25,
753 2198 830 2245 373

575 2269 593 2303 Ῐ
603 2265 641 2309 6³
661 2273 726 2314 10,
748 2268 833 2314 487

412 2319 465 2357 Ex
488 2331 566 2371 quo
594 2332 756 2366 vereor,
785 2330 834 2357 ne

151 2377 252 2417 idem
277 2378 428 2416 eueniat
448 2378 488 2413 in
511 2389 613 2414 meas
633 2374 776 2415 litteras
792 2386 833 2422 2,

156 2443 220 2478 10,
241 2442 290 2487 39
333 2431 461 2485 Scrips
456 2446 534 2470 eras
561 2430 658 2471 velle
678 2443 714 2471 te
734 2434 832 2471 bene

154 2493 334 2537 euenire,
371 2488 476 2542 quod
516 2488 562 2527 de
599 2489 729 2527 Crass'o
770 2487 836 2527 do

151 2562 255 2586 mum
283 2546 448 2585 emissem
474 2554 511 2597 ς,
532 2548 571 2592 6,
596 2554 688 2586 111.
745 2547 835 2583 Eam

151 2616 231 2643 rem
263 2605 332 2642 tibi
361 2602 453 2641 volo
483 2603 578 2640 bene
606 2613 642 2642 et
676 2599 836 2640 relicitei·

153 2663 308 2699 euenire
352 2667 417 2706 12,
445 2669 510 2710 19,
547 2661 634 2706 68.
678 2661 834 2697 euenire

154 2717 334 2769 prospere
364 2717 458 2754 mihi
486 2712 614 2763 velim,
650 2728 745 2767 quae
774 2727 834 2753 me

151 2772 329 2812 insciente
356 2786 377 2810 a
407 2772 500 2811 meis
528 2768 626 2811 faeh
653 2771 761 2818 sunt,
796 2780 833 2809 et

86 2262 241 2310 ν,Εἰ-υμοι
281 2262 370 2302 fidei

945 215 1106 260 Tulliae
1123 229 1162 271 3,
1187 225 1251 264 12,
1269 226 1339 270 77.
1377 217 1531 256 euenire
1553 216 1625 257 tibi

944 274 1038 316 volo
1073 273 1234 315 feliciter
1254 276 1485 327 emptionem
1522 286 1562 327 9,
1587 282 1626 322 g,

946 343 1041 385 245.
1072 332 1227 371 euenire
1253 332 1325 371 tibi
1348 345 1427 370 rem
1447 333 1551 369 istam
1573 331 1626 369 fe-

944 386 1067 428 liciter
1097 389 1209 442 cupio
1388 390 1438 428 16
1464 392 1621 436 21‚498

889 459 1075 498 Euenmm
1095 456 1238 498 consilii
1261 460 1389 508 magis,
1410 470 1523 510 quam
1537 471 1625 495 con-

945 516 1079 562 filium,
1099 515 1381 568 reprehendunt
1400 515 1572 560 homines
1586 517 1626 561 6,

943 586 982 624 4.
1008 583 1100 625 144.
1137 574 1312 611 homines
1343 572 1389 611 de
1419 583 1487 611 tuo
1510 573 1626 609 conli-

943 628 997 668 lio
1028 642 1071 667 ex
1104 640 1244 670 euentu
1278 629 1499 671 iudicabunt
1529 638 1566 675 1,
1583 637 1626 679 7,

948 697 1009 726 ιο.
1037 685 1128 725 faui
1146 687 1407 732 tuiiudicium
1439 699 1518 725 non
1546 696 1625 724 tam

943 756 987 782 ex
1010 741 1164 782 confilio
1186 754 1267 791 tuo,
1286 758 1400 797 quam
1421 757 1464 782 ex
1485 752 1626 782 euentu

944 800 1120 838 homines
1157 797 1293 840 fafiuri
1321 800 1406 841 sunt
1435 798 1526 840 ibid.
1562 809 1624 840 ΙΙ.

945 869 1081 897 eucnta
1103 860 1321 897 eommunia
1461 854 1553 896 ibid.
1576 865 1628 897 12

888 931 1068 970 Euertere
1092 927 1256 981 aliquem
1286 941 1365 969 non
1388 926 1545 975 iudicio,
1563 939 1628 966 ne-

946 998 1020 1036 que
1043 984 1328 1037 disceptatione,
1357 986 1418 1025 sed
1445 987 1485 1024 vi
1511 994 1627 1036 atque

945 1043 1187 1095 imprcssione
1210 1054 1246 1095 ς.
1266 1053 1306 1089 2,
1332 1054 1422 1095 107.
1456 1051 1629 1081 euertere

944 1097 1113 1138 funditus
1147 1097 1197 1146 se,
1224 1098 1388 1154 suosque
1426 1111 1559 1138 omnes
1590 1105 1627 1146 8,

1458 1159 1522 1203 16,
1541 1167 1626 1210 234

886 1207 1058 1258 Εὐγέιεικ
1093 1207 1186 1263 quid
1457 1224 1492 1264 3,
1508 1223 1548 1259 7,
1572 1215 1626 1263 63

885 1266 1044 1308 Εὐλυσίοι
1073 1275 1202 1310 κοιλίας
1376 1268 1441 1314 16,
1462 1273 1525 1317 18,
1546 1280 1631 1322 494

889 1340 1046 1380 Euocati
1073 1349 1137 1386 10,
1162 1350 1226 1391 30,
1246 1341 1339 1388 306.
1379 1349 1628 1378 euocatorum

944 1398 1051 1436 firma
1077 1408 1211 1434 manus
1238 1405 1301 1448 15,
1325 1407 1364 1447 4,
1382 1399 1479 1449 456.
1537 1410 1629 1436 euo-

947 1463 1118 1492 catorum
1149 1451 1360 1505 praefeeius
1402 1458 1404 1463 ⁴
1453 1465 1490 1506 3,
1513 1457 1553 1500 6,
1576 1458 1626 1496 61

890 1508 1052 1550 Euolare
1075 1523 1136 1549 me
1157 1507 1269 1548 altius
1298 1506 1509 1549 noluerunt
1533 1522 1568 1558 1,
1587 1522 1630 1564 7,

1579 1577 1627 1608 12

890 1621 1081 1677 Euripidis
1098 1616 1226 1661 versus
1258 1616 1397 1672 lingula
1417 1624 1630 1663 testimonia

943 1691 1050 1734 putat
1083 1681 1250 1728 Quintus
1286 1682 1349 1726 16,
1377 1686 1415 1729 8,
1435 1687 1533 1734 485.
1560 1677 1632 1719 Εὐ·

949 1743 1061 1785 gan-13³
1115 1749 1206 1775 vera
1253 1748 1475 1790 praecepta:
1523 1736 1629 1777 Μισῶ·

946 1801 1097 1840 commi-s,
1125 1803 1196 1833 etc·
1384 1804 1403 1835 1
1415 1804 1450 1847 3,
1467 1801 1532 1847 15,
1548 1806 1630 1849 394

891 1844 1224 1898 Εὐθυεῑημωέςερος
1372 1858 1438 1898 12,
1461 1854 1524 1893 16.
1549 1855 1631 1904 365

889 1905 1117 1955 Εῠτςαπελίαι
1145 1904 1358 1946 litterarum
1411 1919 1454 1960 7,
1469 1919 1632 1960 32‚202

891 1976 1027 2019 Euulsa
1048 1979 1116 2018 fint
1135 1991 1180 2017 ex
1203 1979 1312 2017 omni
1331 1979 1516 2018 memoria
1535 1981 1634 2019 vita-

946 2049 1021 2089 que
1043 2037 1168 2074 nostra
1419 2045 1458 2088 ς,
1480 2041 1524 2084 8,.
1545 2046 1563 2076 1
1580 2047 1631 2089 14

892 2090 944 2132 Ex
974 2092 1092 2132 altera
1127 2101 1233 2146 parte
1271 2091 1423 2130 caedem
1457 2094 1631 2140 ostentat,

946 2161 992 2188 ex
1012 2148 1129 2190 altera
1153 2148 1374 2188 seruitutem
1398 2149 1510 2188 buius
1540 2150 1632 2190 belli

948 2207 1071 2246 exitus
1101 2217 1142 2258 4,
1172 2216 1233 2258 14,
1257 2215 1349 2246 10'2.
1385 2219 1430 2244 ex
1450 2219 1493 2244 ea
1526 2206 1634 2261 parte

946 2265 1093 2316 accipio
1114 2274 1218 2302 tuam
1239 2261 1634 2317 excusationem‚qua·

946 2329 1070 2367 tenus,
1096 2331 1165 2360 etc.
1200 2329 1241 2369 4,
1258 2331 1300 2371 4,
1324 2325 1389 2371 85.
1447 2333 1490 2360 ex
1512 2323 1634 2361 omni·

944 2377 1016 2417 bus
1047 2378 1217 2429 partibus
1257 2375 1293 2414 se
1323 2376 1486 2416 ostendit
1521 2391 1632 2419 amor

947 2443 1034 2472 tuus
1056 2436 1096 2472 in
1116 2434 1174 2471 his
1197 2431 1346 2481 litteris,
1380 2447 1472 2486 quas
1502 2435 1633 2488 proxi·

946 2504 1008 2528 me
1036 2492 1164 2542 accepi
1192 2500 1231 2542 5,
1255 2498 1336 2545 15,
1346 2489 1439 2532 126.
1484 2504 1531 2531 ex
1550 2494 1635 2546 opi

946 2549 1066 2586 niune
1110 2547 1310 2586 hominum
1334 2541 1476 2588 scribo
1515 2558 1634 2602 atque

946 2602 1046 2642 fama
1082 2612 1142 2650 12,
1162 2615 1202 2656 4,
1227 2607 1321 2655 348.
1375 2614 1419 2643 ex
1449 2602 1632 2645 sententia

946 2671 1031 2699 mea
1055 2658 1226 2699 constan
1244 2673 1304 2698 res
1326 2660 1378 2698 est
1410 2672 1450 2710 2,
1478 2672 1542 2714 15,
1562 2676 1631 2714 44.

946 2730 993 2756 ex
1029 2730 1113 2756 mea
1142 2715 1324 2755 sententia
1356 2717 1630 2770 rempublicam

891 2817 900 2822 ,
943 2773 1032 2824 ‘effi
1046 2784 1086 2820 2,
1103 2781 1146 2825 7,
1169 2784 1235 2825 37.
1279 2786 1326 2812 ex
1359 2772 1543 2814 sententia
1567 2790 1631 2814 ne-

1006 2831 1008 2833 ’
1482 2833 1632 2881 gotium
