1881 3173
234 99 319 150 642

235 210 343 263 tique
380 210 574 259 ridicula,
613 211 768 251 intexta
794 208 978 262 veffibus,

236 265 420 308 iaffltare
440 269 582 321 coepit:
607 281 706 323 quae
726 267 813 306 inde
838 265 978 307 exodia

232 323 361 378 postea
402 324 614 377 appellata,
641 321 888 379 confertaque
908 321 973 374 fa·

235 377 348 421 bellis
379 379 609 433 potiffimum
654 379 848 420 Atellanis
870 378 976 430 funt.

233 434 341 494 quod
352 450 473 494 genus
490 434 758 484 ludorumsab
781 434 888 485 Osi-is
913 447 988 487 acy

233 504 394 547 ceptum,
407 496 534 534 tenuit
550 495 744 538 iuuentus,
765 505 833 531 nec
852 488 902 529 ab
921 488 976 529 hi-

225 549 438 606 strionibus
454 551 578 604 pollui
593 545 697 602 ptssb
715 546 776 598 est.
814 560 854 586 eo
873 546 976 601 iesti-

234 616 364 647 tutmn
395 617 544 655 manet,
578 616 627 645 vt.
645 602 789 644 aslum
822 603 975 649 Atella·

232 676 377 703 narum
416 676 484 702 nec·
521 660 629 701 tribu
657 671 910 708 moueantur,
941 669 976 699 ee

218 717 437 774 stipendia,
457 729 655 773 tamquam
683 728 858 770 expertes
877 718 979 756 ertit

233 774 431 820 ludicrae,
453 772 627 827 faciant.
713 772 831 823 Qud
859 774 978 821 igitur

232 828 458 878 elegantiam
497 831 538 868 in
578 827 760 868 Atellanis
796 831 974 868 Donatus

232 885 306 925 csse
328 886 445 925 dixit:
471 900 550 924 non
572 885 619 924 ad
640 884 822 924 sermonis
841 897 974 934 genus,

231 941 335 995 quod
358 943 467 989 rude,
489 952 527 981 et
547 941 765 996 impolitum
787 940 897 981 fuifl'e
909 941 976 980 du-

230 1013 290 1045 co,
309 998 431 1051 qualis
461 1009 543 1038 crat
567 997 752 1038 Oscorum
782 997 926 1047 lingua,
949 1011 972 1036 a

216 1055 369 1108 *quibus
391 1054 585 1095 Atellanae
610 1065 805 1108 acceptae,
835 1053 898 1094 sed
922 1054 971 1093 ad

227 1112 501 1152 sententiarum
548 1111 775 1151 munditiam
821 1110 971 1159 refero,

226 1169 434 1208 iucundam
463 1170 619 1209 auribus
644 1167 834 1209 nobilium
864 1169 968 1208 viro-

225 1240 327 1274 rum,
350 1227 455 1265 sicuti
472 1228 681 1266 mimorum
701 1224 851 1265 lasciuia
873 1225 971 1264 dica-

225 1285 338 1322 citate
365 1282 594 1322 inferiorum
635 1282 816 1322 ordinum
848 1283 970 1322 homi-

226 1353 294 1378 nes
326 1338 613 1381 delefitabantur
634 1342 763 1389 magis.
857 1341 969 1378 Prae-

224 1408 326 1436 terea
349 1395 522 1436 sermone
541 1397 652 1444 Osco,
678 1411 757 1436 non
777 1397 968 1444 Romano,

224 1452 397 1492 Atellana
425 1455 750 1508 componebatur:
799 1467 820 1492 a
846 1451 964 1507 pluri-

220 1510 307 1556 buS,
327 1525 405 1549 non
427 1512 474 1551 ab
488 1525 566 1550 vno
578 1521 739 1558 tantum,
759 1511 964 1560 agebatur:

218 1566 386 1608 habebat
403 1567 553 1615 exodia,
572 1578 616 1608 vt
634 1567 797 1607 ostendit
812 1567 963 1612 Liuiu53

218 1637 265 1663 ex
286 1636 366 1676 quo
383 1634 499 1677 patet,
528 1626 570 1664 in
599 1626 704 1664 a&us
724 1623 965 1669 distributam

218 1679 341 1729 fuiss'e,
361 1683 553 1735 postremo
584 1695 669 1720 cum
687 1681 859 1726 tibicine,
880 1694 965 1719 can-

218 1746 274 1784 tu,
291 1749 399 1777 motu
418 1740 592 1791 corporis
621 1739 828 1787 agebatur:
858 1736 963 1789 quod

216 1807 262 1833 ex
298 1794 435 1834 eodem
470 1796 585 1834 Liuio
615 1793 704 1834 licet
733 1792 960 1843 intelligere.

214 1851 367 1891 Praeter
389 1852 493 1898 haec,
503 1865 601 1904 quae
619 1853 780 1890 mimum
798 1851 845 1890 ab
857 1849 959 1891 Atel-

212 1904 301 1946 lana
322 1907 616 1958 distinguebant,
640 1907 778 1947 addam
796 1907 835 1946 id
852 1907 957 1960 quod

213 1965 311 2005 mihi
332 1979 433 2005 nunc
455 1967 496 2004 in
515 1976 683 2004 mentem
707 1966 828 2011 venit,
856 1965 958 2003 ciues

211 2022 408 2062 Romanos
436 2023 625 2072 ingenuos
657 2020 847 2061 Atellanas
877 2030 958 2059 tan-

211 2088 294 2117 tum
317 2092 429 2128 agere
455 2077 588 2118 solitos
611 2078 697 2126 effe,
728 2080 817 2132 quia
838 2091 957 2128 genus

209 2133 306 2175 illud
334 2146 427 2175 nota
457 2149 620 2175 vacuum
649 2134 746 2180 fuit3
788 2133 956 2188 reliquas

209 2191 371 2241 fabulas,
397 2204 434 2232 et
453 2195 494 2232 in
516 2193 563 2231 iis
584 2194 745 2232 mimum
776 2206 797 2231 a
821 2191 954 2239 seruis,

208 2259 275 2288 aut
295 2248 456 2297 libertis,
477 2260 543 2288 aut
570 2263 591 2288 a
621 2249 832 2302 peregrinis
852 2250 952 2288 afflls

207 2306 302 2345 esse:
342 2308 428 2360 quis
458 2308 561 2346 enim
608 2308 702 2345 ciuis
743 2307 950 2352 Romanus,

203 2362 424 2417 praesertim
456 2364 657 2413 ingenuus,
686 2360 870 2402 ludicram
892 2377 950 2401 ar·

205 2429 281 2458 tem
301 2433 476 2460 exercere
494 2418 624 2467 vellet,
658 2434 742 2458 cum
774 2418 883 2459 sciret
912 2419 949 2458 se

205 2477 306 2516 tribu
325 2487 473 2516 motum
497 2478 558 2523 iri,
575 2491 644 2515 nec
675 2476 858 2529 stipendia
884 2475 945 2515 de-

201 2533 292 2572 inde
311 2533 415 2585 poffe
432 2532 580 2572 facere?
606 2537 655 2572 At
676 2535 720 2571 D.
745 2534 944 2580 Laberius,

201 2603 280 2628 non
301 2589 419 2628 modo
450 2591 541 2628 ciuis
572 2591 774 2638 ingenuus,
800 2589 861 2629 sed
892 2600 944 2629 et·

200 2647 277 2685 iam
299 2660 413 2699 eques
431 2648 637 2692 Romanus,
651 2649 809 2685 mimum
832 2646 941 2685 suum

199 2704 288 2752 egit.
341 2703 544 2742 Excusatur
570 2704 799 2743 necestitate:
849 2706 940 2742 Cae-

195 2757 255 2801 sar
273 2760 376 2801 enim
394 2760 506 2807 instit,
527 2762 596 2814 qui
615 2766 760 2810 cogere
778 2770 940 2815 poterat.

475 72 704 155 rA'vLm
729 96 1024 138 Mauvnr
1045 79 1564 159 COMMENTARIVS

1031 208 1074 249 in
1103 220 1182 261 quo
1212 208 1281 248 fibi
1312 207 1451 248 faaam
1479 208 1553 250 effe
1583 213 1782 262 iniuriam,

1033 265 1209 317 queritur
1221 263 1301 319 ipse
1319 266 1486 305 versibus
1500 270 1658 317 egregiis
1674 269 1780 324 apud

1031 321 1275 361 Macrobium
1292 319 1360 360 lib.
1374 333 1412 363 2.
1438 337 1467 362 c.
1480 336 1518 375 7⁴
1575 327 1689 366 Reae
1707 328 1782 377 igi-

1031 386 1096 416 tur
1117 378 1299 424 mimum,
1311 392 1392 417 non
1415 378 1645 429 Atellanum,
1662 383 1779 432 idest,

1032 431 1226 473 Atellanae
1254 433 1406 474 fabulae
1434 436 1672 487 histrionem,
1691 441 1780 480 Pae·
1842 482 1853 485 χ

1033 498 1092 529 tus
1122 489 1309 530 induxisse
1338 491 1501 538 dicitur3
1538 497 1628 548 quia
1666 496 1778 536 dietis

1031 546 1282 595 acutioribus,
1300 562 1416 601 quam
1435 551 1666 602 quaerinseri
1681 551 1777 594 olim

1030 601 1214 642 Atellanis
1241 602 1350 644 solita
1371 604 1536 656 fuerant,
1560 610 1602 647 in
1624 611 1777 650 Cicero·

1031 674 1119 699 nem
1138 662 1343 703 iocaretur.

1091 730 1145 769 Vt
1167 730 1279 781 olim]
1309 731 1496 771 Nondum
1520 735 1678 776 inuenta
1705 737 1776 777 mi·

1031 799 1096 825 mo
1116 785 1258 832 fabula,
1285 788 1326 825 in
1347 800 1423 840 qua
1451 803 1579 829 mores
1600 790 1774 840 alicuius,

1029 851 1072 881 vt
1093 844 1269 892 auaritia,
1287 841 1422 895 libido,
1433 843 1622 898 superbia,
1641 849 1776 889 descri-

1028 898 1232 940 bebantur.

1086 968 1282 1022 Hirtium]
1341 972 1419 1020 Qui
1441 970 1549 1024 saepe
1569 970 1691 1011 audiit
1711 973 1773 1011 Ci-

1029 1038 1209 1064 ceronem
1255 1028 1296 1065 in
1342 1029 1568 1067 Rhetoricis.
1607 1041 1694 1067 nam
1724 1027 1773 1068 de

1029 1083 1122 1121 Fato
1134 1095 1204 1123 c.2.
1217 1086 1461 1138 quoniam,ait
1471 1087 1635 1133 Hirtius,
1647 1083 1774 1125 rheto-

1026 1141 1111 1178 rica
1133 1138 1229 1178 mihi
1246 1139 1372 1193 nqstra
1384 1142 1458 1191 sat
1476 1151 1581 1188 nota,
1602 1153 1709 1196 teque
1728 1143 1772 1182 in

1025 1196 1074 1234 iis
1104 1206 1143 1234 et
1165 1194 1389 1237 audiuimus
1407 1198 1539 1251 saepe,
1572 1208 1612 1238 et
1639 1196 1769 1239 audie-

1024 1265 1119 1292 mus.

1075 1321 1344 1375 Dolabellam]
1430 1325 1541 1378 Epist.
1563 1335 1604 1378 7.
1630 1323 1698 1365 lib.
1725 1336 1768 1380 7.

1025 1380 1128 1433 epist.
1147 1377 1215 1418 vlt.

1075 1435 1362 1490 Declamieare]
1421 1434 1479 1476 In*
1494 1451 1573 1491 quo
1594 1437 1777 1492 aequissi·>

1020 1493 1092 1531 mis
1130 1494 1327 1532 Ciceronis
1361 1497 1520 1535 auribus
1561 1497 1767 1538 vtebantur

1019 1547 1087 1589 lib.
1106 1560 1147 1603 7.
1176 1550 1279 1603 epist.
1308 1547 1376 1590 vlt.

1078 1620 1173 1660 Illos
1194 1621 1301 1674 apud
1326 1635 1384 1661 me
1404 1619 1677 1673 declamitare,
1704 1639 1766 1666 me

1018 1675 1127 1728 apud
1141 1692 1203 1718 eos
1225 1676 1410 1730 cenitare]
1469 1681 1530 1718 Ne
1559 1682 1643 1734 quis
1662 1682 1764 1722 hunc

1017 1731 1147 1772 locum
1166 1747 1211 1772 ex
1229 1735 1387 1783 ingenio
1420 1734 1633 1790 suppletum
1663 1739 1765 1779 arbi·
1802 1739 1807 1742 ⁴

1016 1799 1158 1834 tretur3
1188 1804 1330 1831 moneo
1361 1789 1580 1840 leelorem,
1602 1795 1676 1834 hoc
1705 1806 1762 1836 to-

1016 1856 1097 1886 tum
1117 1846 1189 1886 effe
1208 1849 1249 1886 in
1271 1847 1420 1887 duobus
1441 1851 1608 1903 antiquis
1629 1850 1761 1892 libris:

1014 1917 1100 1942 cum
1122 1904 1262 1956 quibus
1275 1902 1369 1944 olim
1392 1905 1609 1947 consensisse
1625 1911 1760 1948 memi-

1013 1962 1055 1998 ni
1073 1958 1217 2000 librum
1244 1963 1436 2001 Vincentii
1465 1964 1604 2003 Riccii:
1639 1964 1760 2018 idque

1013 2031 1098 2055 mea
1125 2015 1288 2065 Scholia,
1320 2029 1409 2058 ante
1454 2018 1596 2059 multos
1633 2034 1771 2062 annos-

1013 2074 1126 2122 edita,
1146 2076 1338 2114 testantur.

1072 2131 1133 2171 Tu
1152 2142 1294 2178 autem,
1311 2130 1416 2188 quod
1433 2131 1529 2173 mihi
1545 2131 1682 2174 bonam
1695 2148 1759 2175 cve

1006 2188 1116 2240 piam
1130 2188 1267 2235 eiures,
1289 2188 1393 2228 nihil
1407 2189 1476 2244 est]
1562 2192 1754 2236 Hierony·

1010 2258 1095 2283 mus
1143 2246 1363 2293 Ferrarius,
1422 2255 1554 2286 eontra
1600 2258 1751 2287 veteres

1010 2314 1143 2340 omnes
1167 2299 1301 2351 libros,
1327 2300 1527 2351 legendum
1542 2304 1752 2345 arbitraba·

1007 2368 1083 2405 tur,
1102 2359 1237 2398 bonam
1255 2361 1403 2410 copiam
1425 2362 1542 2407 iures,
1571 2361 1645 2400 hoc
1670 2360 1752 2401 sen·

1006 2413 1068 2453 su:
1101 2428 1179 2453 non
1201 2416 1265 2463 est,
1287 2414 1392 2468 quod
1423 2426 1460 2455 te
1479 2417 1575 2456 mihi
1602 2417 1750 2472 semper

1002 2472 1151 2524 praesto
1174 2470 1273 2519 fore,
1293 2473 1425 2525 tuique
1436 2473 1578 2512 bonam
1599 2477 1749 2527 copiam

1002 2527 1192 2567 fa6hnrum
1212 2530 1328 2572 iureS.
1357 2540 1399 2568 vt
1409 2529 1617 2582 respexerit
1635 2534 1680 2570 ad
1692 2532 1747 2580 id,

1002 2583 1108 2637 quod
1142 2582 1198 2623 M.
1228 2589 1349 2624 Varro
1380 2584 1510 2626 scribit
1536 2585 1604 2627 lib.
1626 2592 1664 2630 6.
1694 2589 1742 2629 de

999 2643 1042 2681 L.
1064 2644 1107 2682 L.
1137 2640 1343 2681 Debitores
1362 2643 1541 2682 nonnulli
1553 2656 1626 2696 pro
1631 2657 1745 2697 pecu-

998 2699 1076 2747 nia,
1098 2712 1212 2752 quam
1234 2697 1430 2745 debebant,
1455 2711 1589 2752 operas
1607 2702 1742 2752 inser.

998 2755 1161 2797 vitutem
1199 2752 1360 2805 dabant,
1397 2754 1499 2815 dum*
1526 2757 1737 2856 μὲκιῖεηι,

1604 2843 1612 2855 .
1658 2817 1734 2869 opi.
