1881 3173
816 85 1105 125 INDEX

194 200 305 248 Hem,
324 196 508 253 particula
529 195 732 237 indicantis
792 199 882 246 803
907 207 929 232 a

195 256 379 297 Hercules
397 255 689 309 Xenophontius
801 258 892 302 328
907 265 929 289 a

196 312 397 353 Hereditas
421 323 500 352 tota
529 312 687 351 nomine
710 307 790 346 affis
820 321 930 347 voca-

249 371 362 411 batur
383 378 476 422 813.
498 382 531 410 a.
575 364 826 407 hereditatem
855 378 932 403 cer

250 441 343 466 nere
793 421 888 474 634.
910 435 932 460 a

191 486 312 524 Heres
349 496 398 521 an
432 481 571 520 habeat
606 479 701 519 furti
738 480 931 518 afflonem

249 551 381 580 contra
412 552 513 584 eum,
546 538 616 590 qui
651 535 798 575 furatus
830 534 932 582 ester,

190 589 194 593 ’
250 608 339 636 ante
349 609 464 649 quam
475 593 553 648 ipse
573 595 685 632 heres
704 591 897 644 effct432.
910 606 931 630 a

191 671 282 717 Hic,
304 668 406 714 haec,
421 666 501 713 hoc,
522 679 607 720 pro,
629 665 710 710 iste,
730 665 810 710 ista,
835 663 933 759 istuld

191 782 281 828 Hic,
308 781 498 820 rationem
518 778 702 830 temporis
724 722 933 873 aliq2u3aidss

251 847 359 877 notat
817 834 933 888 93.b

190 894 398 952 Hispaniae
422 892 519 932 duae
797 903 890 945 119.
911 905 932 930 a

190 967 382 1006 Historiae
420 962 520 1013 leges
550 973 623 1003 tres
796 975 889 1016 327.
907 963 932 1003 b

189 1024 371 1064 Historici
400 1032 547 1061 veteres
588 1021 695 1060 varie
722 1023 931 1074 prooemiis

245 1081 297 1120 vfi
319 1078 403 1118 sunt
794 1086 888 1133 328.
908 1091 929 1116 a

189 1136 326 1184 Homo,
345 1136 482 1175 incerti
501 1134 606 1174 sexus
626 1147 724 1187 272.
737 1133 774 1175 b.
810 1134 928 1175 Valde

245 1195 446 1234 hominem
476 1191 597 1241 diligo
636 1203 704 1244 40.
728 1205 761 1230 a.
825 1192 930 1232 homo

245 1249 475 1300 adolescens,
501 1263 575 1302 pro
608 1247 806 1295 absoluto,
841 1248 932 1288 ado-

242 1306 399 1354 lescens,
426 1305 516 1353 186.
539 1305 574 1343 b.
631 1305 772 1351 homo,
802 1316 839 1345 et
867 1308 930 1345 vir

246 1372 342 1416 283.
362 1376 396 1401 a.
441 1361 559 1401 homo
583 1363 744 1414 probuS,
775 1363 836 1401 vir
860 1363 930 1402 bo-

241 1434 314 1460 nus
334 1430 432 1472 441.
459 1418 491 1457 b.
526 1415 724 1457 hominem
747 1419 930 1471 praebere

245 1485 341 1530 883.
361 1476 385 1515 b
424 1475 599 1514 homines
619 1485 656 1516 et
667 1474 822 1516 ordines
833 1488 930 1528 234

239 1536 280 1576 b.
310 1534 512 1572 hominum
531 1543 572 1572 vt
599 1531 746 1572 diuersa
775 1546 931 1582 genera,

243 1593 292 1632 fic
315 1591 450 1629 diuerfi
477 1588 630 1629 ordines
662 1596 753 1641 817.
774 1603 808 1629 a.
862 1590 931 1629 ho-

244 1650 393 1688 minum
415 1649 488 1686 tria
509 1660 664 1697 genera,
685 1645 834 1695 summi,
855 1661 932 1686 me-

243 1705 313 1761 dii,
343 1705 471 1744 infimi
795 1712 887 1754 182.
908 1718 932 1743 a

186 1776 405 1820 Honestatis
425 1775 598 1815 definitio
784 1777 883 1824 268.
903 1773 930 1814 b

188 1840 342 1881 Honor,
364 1834 517 1873 virtutis
536 1834 751 1886 praemium
774 1847 854 1871 non
879 1832 932 1870 est

244 1895 341 1944 689.
361 1904 393 1929 a.
432 1891 622 1930 honorem
648 1890 815 1944 praefari
833 1889 931 1942 665.

240 1963 275 1988 a.
309 1949 505 1987 honorum
537 1947 636 1988 ordo
788 1957 884 1999 270.
908 1959 931 1984 a

186 2007 453 2047 Honorarium
480 2006 695 2058 praemium

184 2066 294 2104 Hora
315 2075 420 2101 nona
430 2062 616 2101 cenabam
627 2072 776 2101 veteres
788 2063 882 2111 670.
893 2072 928 2102 a.

238 2121 426 2159 horarum
470 2118 546 2159 diei
585 2129 625 2158 et
662 2120 786 2159 noetis
825 2119 927 2157 ratio

229 2176 343 2233 „Qssud
365 2186 512 2215 veteres
788 2185 887 2228 294.
906 2188 929 2213 a

182 2249 347 2293 Horatia
377 2247 501 2286 tribus
787 2247 882 2296 560.
902 2244 929 2284 b

182 2306 344 2347 Hortari
363 2314 400 2343 et
420 2314 579 2343 monere
598 2313 667 2354 23.
688 2300 725 2345 b.
780 2301 929 2341 hortari

241 2373 278 2401 et
309 2374 423 2400 orare
794 2356 888 2400 ibid.
907 2373 929 2398 a

183 2417 391 2472 Hospitalis
410 2413 717 2470 Iuppiter'vnde
790 2425 886 2467 417.
906 2430 928 2456 a

182 2476 417 2529 Hospitium,
437 2473 708 2520 diuersorium,
735 2480 774 2512 et
804 2474 930 2512 taber-

195 2579 199 2581 ,
241 2547 289 2571 na
315 2530 502 2571 differunt
796 2533 892 2584 416
906 2543 928 2569 a

182 2591 361 2630 Humane
390 2589 543 2642 potius,
576 2598 691 2638 quam
709 2584 928 2626 humaniter

812 2656 877 2696 29
902 2644 928 2683 b

182 2701 424 2751 Humanum,
446 2708 483 2739 et
495 2698 704 2740 liberalitas
725 2656 837 2752 9643.
859 2701 928 2740 hu-

194 2757 199 2764 ’
236 2758 397 2807 manitas
411 2757 503 2812 quid
522 2755 624 2812 apud
634 2767 784 2798 veteres
795 2767 877 2811 902
900 2758 924 2798 b

990 196 1222 236 Humaniter
1235 198 1368 236 viuere
1387 199 1526 251 quid
1585 211 1682 253 429.
1700 210 1724 240 a

986 257 1249 306 Hypomnema
1281 266 1375 306 911.
1396 271 1428 295 a.
1467 256 1722 308 hypomnema-

1042 313 1093 351 tis
1112 324 1225 365 pro
1203 312 1556 364 hypoumematibus
1630 311 1739 380 ibid
1788 316 1793 328 ¹

1343 428 1374 466 1.
1740 471 1745 476 ,

987 537 1148 633 Ιαὸὶειτὶ
1179 538 1221 576 in
1247 536 1384 588 vulgus
1414 552 1511 592 quae
1550 538 1725 578 dicantur
1789 588 1791 590 q

1051 602 1055 604 ’
1589 606 1681 652 5233
1702 609 1726 634 8

986 665 1134 704 Ia&ura
1163 663 1289 704 leuior
1319 665 1530 706 ostenditur
1554 665 1727 705 deminu-

1045 723 1090 760 tis
1111 724 1334 761 nominibus
1587 722 1728 776 27²1)

989 776 1050 824 Id,
1071 793 1166 818 conr
1145 780 1370 818 Crmationis
1393 781 1512 829 gratia
1530 781 1726 832 additui-115

1046 846 1099 883 vt,
1124 835 1238 882 illud,
1258 837 1360 891 quod
1377 828 1659 890 suprascripsi,
1684 821 1743 932 ἑξ

1043 892 1117 933 tibi
1134 893 1311 945 cotfirmo
1589 901 1636 943 81
1648 905 1683 935 1.

989 946 1116 998 Idem,
1142 952 1182 988 in
1210 948 1349 1003 plurali
1385 963 1542 1004 quoque
1575 960 1725 990 veteres

1041 1006 1274 1060 vsurpabant
1589 1020 1682 1049 122.
1701 1020 1726 1046 a

986 1079 1143 1117 Ieiunus
1163 1079 1311 1119 animus
1585 1090 1682 1132 205.
1700 1091 1725 1117 a

985 1132 1221 1174 lentaculum
1614 1148 1678 1189 39.
1697 1134 1725 1175 b

983 1195 1142 1241 Ignauia
1162 1194 1341 1232 inertiam
1364 1193 1463 1246 parit
1578 1201 1676 1247 773.
1697 1192 1726 1232 b

981 1251 1210 1305 Ignorantia
1230 1252 1332 1289 reete
1362 1249 1500 1289 dicitur
1524 1262 1597 1302 pro
1618 1251 1727 1299 igno-

1038 1308 1189 1346 ratione
1583 1310 1678 1355 168.
1699 1306 1726 1348 b

984 1365 1157 1413 Ignotus,
1175 1364 1301 1402 afflue
1588 1376 1681 1417 331.
1699 1363 1724 1402 b

984 1421 1083 1461 Ille.-
1121 1419 1169 1458 de
1217 1419 1477 1459 celeberrimis
1535 1421 1643 1468 viris,
1685 1430 1724 1461 et

1043 1476 1145 1531 apud
1164 1491 1295 1515 omnes
1315 1475 1414 1515 fama
1448 1479 1623 1525 coguitis,
1648 1478 1722 1517 hoc

1041 1548 1259 1588 pronomen
1287 1532 1510 1587 vsurpamus
1587 1545 1678 1586 330'.
1696 1534 1723 1576 b

986 1608 1118 1655 Imago
1141 1615 1177 1645 et
1195 1603 1431 1644 simulacrum
1461 1604 1508 1643 ab
1532 1603 1653 1657 effigie
1681 1615 1725 1646 vt

1046 1661 1222 1702 differant
1247 1673 1338 1714 331.
1360 1677 1392 1702 a.
1439 1663 1622 1710 imagines
1644 1677 1722 1702 ma-

1042 1724 1171 1760 iorum
1191 1729 1338 1758 veteres
1360 1721 1523 1758 Romani
1551 1734 1571 1759 e
1607 1719 1723 1760 cedro

1044 1778 1158 1818 faeias
1180 1776 1285 1815 domi
1307 1773 1544 1815 afferuabant
1586 1777 1722 1828 656.b

987 1837 1149 1877 Imitari
1177 1837 1304 1873 minus
1335 1835 1406 1880 est,
1440 1846 1554 1886 quam
1579 1832 1724 1886 ass'equi

985 1946 1217 1985 Imitationis
1257 1942 1348 1985 libri
1398 1944 1523 1985 Paulli
1556 1890 1723 2006 ffasnffitii

1701 2018 1724 2045 a

987 2073 1191 2115 Immolare
1212 2072 1307 2126 quid
1585 2007 1684 2131 369898.
1700 2089 1724 2115 a

986 2129 1229 2178 Immortalis,
1250 2144 1321 2183 pro
1355 2130 1520 2171 summus
1578 2136 1673 2181 686.
1697 2147 1720 2172 a

986 2186 1194 2240 ImpensuS‚
1219 2201 1291 2241 pro
1313 2202 1469 2238 magnus
1581 2195 1674 2255 829.
1694 2190 1722 2230 b

985 2247 1210 2297 Imperator.
1267 2246 1322 2283 Re
1341 2246 1438 2284 bcne
1456 2247 1554 2295 gesta
1577 2248 1645 2298 qui
1671 2249 1720 2286 ab

1043 2302 1211 2340 exercitu
1233 2302 1440 2355 imperator
1462 2312 1540 2342 erat
1558 2302 1723 2355 appella-

1043 2368 1114 2404 tus,
1129 2356 1272 2397 litteras
1293 2358 1373 2397 suas
1399 2362 1640 2413 imperatoris
1653 2375 1722 2401 no-

1040 2417 1145 2454 mine
1169 2413 1396 2456 inscribebat
1420 2428 1488 2469 79.
1506 2430 1539 2455 a.
1568 2419 1663 2469 675.
1684 2433 1718 2457 a.

1040 2474 1286 2525 Imperatoris
1307 2488 1446 2512 nomen
1465 2485 1506 2513 vt
1518 2473 1717 2526 conseque·

1042 2540 1198 2576 rentur,
1227 2540 1371 2568 certum
1401 2531 1564 2569 hostium
1593 2545 1723 2570 uume-

1038 2600 1124 2624 rum
1150 2585 1304 2625 caedere
1326 2588 1499 2640 oportuit
1583 2598 1673 2640 172.
1695 2588 1719 2626 b

985 2643 1195 2697 Imperium
1241 2642 1391 2697 duplex,
1441 2645 1653 2693 vrbanum,
1683 2654 1722 2684 et

1043 2698 1282 2753 prouinciale
1314 2713 1376 2753 30.
1408 2699 1446 2740 b.
1516 2702 1723 2755 imperium

1040 2759 1081 2797 in
1108 2756 1242 2797 vrb'em
1275 2758 1578 2807 ingredientibus
1609 2758 1725 2811 depo-

1635 2829 1727 2854 llssf‘e
