1881 3173
288 91 357 131 IN
383 88 502 130 CIC.
525 86 720 128 EPIST.
749 85 884 126 FAM.

117 203 230 252 nulli,
279 216 404 260 quom.
447 199 544 242 nihil
592 202 746 241 reiicio:
793 198 871 248 sed,

117 260 290 319 quand-¹1,
315 260 502 300 libentius
526 260 689 298 retineo.

173 330 356 383 Conf'eHa
366 331 470 382 sunt
486 331 632 380 omnia]
662 331 707 368 In
728 327 869 374 Africa,

116 388 272 430 afflieiis
294 389 457 428 omnino
477 388 729 440 Pompeianis.

170 460 291 516 Equis
309 457 428 512 viris]
474 459 594 498 Omni
617 466 769 503 conatu,
791 470 869 496 ma-

115 518 234 571 nibus
250 515 505 570 pedibusque,
533 513 708 563 subaudi,
737 514 870 565 (Jaqs'a-

113 577 154 614 ri
174 573 325 613 obuiam
342 587 484 615 eamus.
505 571 734 612 Translatio
755 585 776 609 a
798 573 867 609 mi-

112 629 217 670 litari
250 632 478 677 certamine,
509 643 590 683 quo
620 627 867 668 contenditur

0 728 1 740 χ
41 709 53 718 ‹
112 689 220 740 equis
239 689 425 741 virisque.
462 687 552 726 inde
579 688 750 725 manauit
774 697 865 737 pro-

111 745 300 784 verbium.
328 758 416 784 cum
438 758 534 784 vero
565 742 737 782 celeritas
766 740 867 780 indi·

111 812 232 848 catur,
261 803 382 856 equis,
408 802 514 847 velis,
538 799 691 847 dicitur,
715 797 864 848 fugien-

109 860 208 899 tium
227 857 472 897 iimilitudine
495 867 597 896 terra
637 857 825 909 marique.

165 930 211 968 L.
234 927 393 979 Caesare
399 926 507 980 filio]
566 930 692 976 thm
723 925 862 966 Caesar

110 984 312 1025 occiderat.
342 985 548 1024 Suetonius
567 986 607 1023 in
624 983 726 1024 Iulio
750 995 860 1037 0-75·

111 1043 199 1082 Nec
230 1041 301 1081 vllz'
325 1037 498 1096 ρενὶξζΙὲ,
534 1043 577 1092 ηξ
594 1058 609 1081 ι
639 1044 680 1081 in
700 1042 860 1093 proelio,

41 1103 53 1108 ‘
107 1099 372 1150 reperiemur,
426 1101 594 1151 exceptis
651 1096 861 1138 dumtaxat

106 1154 294 1206 Asi-anio,
322 1165 360 1193 et
382 1155 532 1209 Fausto,
565 1165 602 1193 et
625 1156 668 1194 L.
700 1153 861 1207 Caesare

69 1226 74 1227 ⁷
108 1213 267 1250 iuuene:
291 1225 338 1250 ac
357 1225 403 1250 ue
417 1209 482 1250 hos·
500 1209 655 1266 quidem
681 1212 861 1251 volunta·

108 1279 147 1307 te
168 1266 280 1320 ipfius
301 1269 556 1320 interemptos,
571 1277 744 1320 putant:
771 1281 860 1324 quo-

107 1338 197 1364 rum
228 1335 356 1362 tamen
387 1336 424 1364 et
448 1327 609 1377 priores,
641 1323 720 1378 post
747 1325 862 1376 impe·

108 1392 260 1422 tratum
288 1382 451 1428 veniam,
478 1381 792 1421 rebellauerant:
819 1391 859 1420 et

109 1438 155 1477 L.
178 1438 328 1488 Cacsar,
363 1437 515 1478 libertis
527 1437 730 1492 stratisque
764 1438 857 1486 eius,

101 1494 216 1549 ferro
240 1505 278 1534 et
296 1495 390 1549 (gni,
413 1494 606 1535 crudelem
630 1496 672 1533 in
692 1491 857 1541 modum,

108 1550 263 1598 etzcc‘lis,
282 1550 416 1602 bestias
449 1566 604 1608 quoque,
640 1550 695 1590 ad
720 1564 858 1590 munus

90 1649 98 1652 ,
103 1610 239 1662 populi
274 1618 538 1659 comparatas,
570 1607 859 1648 contrua-idone-

109 1676 190 1703 rat.
233 1667 304 1703 Dio
328 1675 454 1703 tamen
475 1664 622 1718 lib.43.
649 1663 745 1702 iussu
766 1665 858 1704 cae-

111 1720 202 1760 saris
224 1720 370 1760 occulte
392 1723 665 1774 interemptum
682 1720 861 1769 ostendit,

110 1779 202 1832 quia
239 1789 426 1831 perpetuo
465 1789 598 1818 contra
627 1776 750 1830 ipsum
790 1791 860 1831 pu·

107 1833 262 1886 gnaffct.
324 1837 449 1874 Huius
462 1835 631 1875 Caesaris
653 1845 762 1887 pater
783 1834 859 1874 fuit

106 1894 151 1932 L.
173 1890 320 1936 Cacsar,
341 1894 402 1930 vir
430 1895 613 1945 optimus,
643 1889 856 1931 auunculus

107 1952 161 1990 M²
195 1949 363 1988 Antonii.
394 1947 460 1988 lib.
487 1962 551 1991 10.
594 1947 698 2003 epist.
719 1955 790 1998 28.
820 1958 859 1988 et

107 2005 174 2046 lib.
192 2017 252 2047 12.
274 2007 376 2058 epist.
388 2019 427 2047 2.
444 2018 479 2057 ς.

160 2075 274 2132 Qud
300 2076 359 2115 mc
381 2076 477 2116 mihi
486 2075 617 2130 faciet
636 2075 764 2130 patrt]
819 2077 857 2116 Si

104 2137 149 2174 L.
183 2131 405 2180 Caesarem,
443 2133 705 2186 propinquum
734 2133 856 2181 suum,

107 2192 278 2230 necauit:
310 2189 402 2242 quid
424 2191 519 2229 mihi
531 2190 667 2230 faciet?
697 2192 856 2244 Sumpfit

106 2261 153 2287 ex
184 2247 325 2286 Andria
358 2249 542 2287 Terentii
571 2249 651 2287 A&
676 2261 710 2289 ι.
747 2246 793 2287 sc.
817 2258 853 2289 1.

109 2319 149 2345 v.
173 2311 238 2356 85.

164 2358 287 2411 Apud
303 2359 407 2413 istos]
491 2363 542 2399 Vt
572 2374 707 2399 eorum
731 2363 851 2410 gratia

107 2427 217 2458 mear
246 2431 307 2456 me
336 2416 438 2469 apud
463 2416 674 2456 Caesarem.
734 2420 852 2468 Signi-

107 2476 192 2514 ficat
218 2476 258 2513 in
284 2475 417 2527 primis
450 2475 642 2522 Hirtium,
669 2473 851 2521 Balbum,

109 2533 291 2585 Oppium,
311 2533 486 2576 Matium,
513 2529 621 2570 alios.

164 2585 296 2640 Mi'ffiz]
327 2587 510 2633 subaudi,
536 2587 641 2640 fint:
684 2585 758 2634 vel,
784 2587 852 2640 fa-

107 2645 261 2684 ciamus.
291 2642 355 2682 lib.
371 2647 409 2685 6.
441 2645 543 2696 epist.
572 2656 631 2685 12.

166 2699 303 2751 Africa
323 2699 495 2740 terribili
515 2703 661 2746 tremit,
693 2699 852 2740 horrida

105 2767 238 2803 terra,
274 2756 465 2810 tumultu]
551 2757 664 2797 Ennii
709 2755 850 2797 versus,

877 520 881 523 o
921 482 1131 538 grnificatur
1149 480 1196 522 id
1227 497 1299 538 quo

919 84 1031 126 LIB.
1053 84 1117 123 lx.
1161 82 1354 124 EPIST.
1377 84 1462 126 vn.
1555 84 1562 88 “
1591 86 1676 133 623

890 210 898 217 ‘
926 195 1080 243 Africa,
1107 197 1247 250 inquit,
1285 196 1423 236 afflicta
1463 195 1568 237 bello
1611 198 1673 237 cst.

926 256 1057 307 itaque
1075 253 1171 293 nihil
1192 256 1244 294 est
1266 264 1341 293 tam
1356 254 1673 307 reiceiuxmquod

920 325 1006 350 non
1027 312 1194 352 timeam.
1222 313 1296 350 Hic
1315 310 1409 350 libet
1435 313 1529 350 Festi
1551 313 1671 351 verba

923 370 1094 409 recitare.
1181 370 1430 416 metonymia,
1459 370 1599 421 inquit,
1620 368 1674 422 est

923 435 1064 476 tropos,
1083 439 1170 465 cum
1193 424 1243 465 ab
1260 423 1420 523 ‘'olsmd
1435 428 1614 473 continet,
1614 425 1675 480 fi

915 526 928 540 ⁴
1349 494 1592 522 summetur:
1626 493 1671 522 vt

921 541 1082 586 Ennius,
1110 553 1196 579 cum
1227 541 1301 587 ait,
1331 539 1471 592 Africa
1501 538 1673 582 terribili

922 600 1078 643 tremit,
1116 595 1279 636 horrida
1308 607 1440 643 terra,
1477 596 1671 636 tzmmltu:

922 664 994 693 aut
1017 652 1065 692 uh
1084 667 1125 692 eo
1150 652 1254 708 quod
1269 655 1496 700 continetur,
1507 652 1553 693 id
1567 652 1674 708 quod

922 711 1116 750 continet:
1163 720 1206 749 vt
1240 724 1326 750 cum
1356 711 1530 757 dicitur,
1562 721 1672 763 epota

922 766 1104 820 amphora
1128 767 1223 805 vini.

978 836 1162 892 thztzdo,
1182 851 1270 892 qua,
1295 835 1385 893 quo]
1435 836 1600 886 Qlando
1627 837 1670 877 fit

921 896 1058 935 Caesar
1078 904 1277 941 venturus,
1299 907 1375 947 qua
1397 895 1472 941 via,
1485 894 1531 932 ad
1552 909 1670 948 quem

916 952 1055 992 locum.
1084 954 1141 991 De
1162 963 1336 1004 tempore
1356 951 1493 991 Cicero
1512 951 1668 1004 respon·

916 1010 986 1059 dit,
1017 1009 1120 1049 nihil
1150 1007 1274 1049 adhuc
1304 1009 1476 1058 scimust
1514 1008 1560 1048 dc
1593 1011 1670 1056 via,

916 1068 1095 1108 nonnulli
1124 1063 1322 1111 dubitant,
1350 1080 1403 1103 cm
1440 1078 1511 1117 per
1535 1067 1671 1106 Sardi-

917 1127 1024 1165 niam
1038 1139 1051 1161 .·
1080 1122 1128 1162 de
1149 1122 1250 1169 ioco,
1274 1121 1367 1174 zstuc
1389 1124 1512 1175 ipsum
1533 1124 1579 1162 de
1599 1122 1674 1162 Ba·

917 1183 979 1221 iis.
1034 1183 1134 1220 Hinc
1158 1181 1302 1234 opinor
1324 1179 1423 1218 hanc
1457 1177 1668 1232 epistolam,

917 1239 957 1278 in
978 1249 1053 1291 qua
1091 1236 1188 1276 nihil
1218 1237 1313 1275 certi
1338 1235 1384 1274 de
1414 1233 1583 1275 Caesaris
1606 1235 1672 1275 ad-

916 1306 1036 1334 ventu
1055 1296 1191 1337 Cicero
1221 1294 1414 1342 fignificat,
1446 1302 1534 1332 ante
1556 1292 1666 1346 supe·

916 1354 1062 1390 riorem
1085 1352 1300 1405 proximam
1328 1348 1506 1403 scriptam
1527 1349 1611 1396 esse,
1628 1352 1669 1389 in

916 1421 992 1460 qua
1014 1407 1186 1447 Caesaris
1219 1406 1429 1445 aduentum
1459 1405 1670 1460 exspeftari

915 1464 1018 1512 dicit,
1049 1475 1086 1504 et
1115 1466 1307 1503 exiturum
1336 1461 1400 1502 vei
1425 1464 1566 1511 Ostiae,
1601 1461 1665 1503 vel

913 1524 956 1562 in
976 1520 1150 1563 Alfiense.

970 1607 1069 1659 Istuc
1089 1604 1228 1659 ipsum]
1259 1603 1375 1653 Quod
1397 1603 1558 1644 dicitur:
1576 1594 1669 1644 'eum

914 1661 1054 1703 scilicet
1075 1665 1183 1703 Baias
1205 1665 1263 1701 ire
1293 1660 1404 1701 velle.

975 1749 1054 1789 Per
1072 1746 1313 1800 Sardiniam]
1348 1749 1418 1786 Per
1439 1760 1553 1800 quam
1578 1761 1667 1788 eum

916 1805 1072 1850 venisse,
1095 1804 1275 1858 scriptum
1296 1806 1346 1844 est
1367 1804 1469 1858 apud
1495 1805 1666 1845 Hirtium

916 1860 963 1900 de
981 1859 1070 1901 bell.
1094 1861 1207 1923 Afric.
1233 1876 1263 1904 c,
1276 1868 1344 1914 98.

969 1932 1177 1974 Praedium
1184 1931 1322 1984 fixum]
1353 1933 1423 1971 Per
1441 1933 1570 1972 iocum
1583 1933 1666 1972 Sar-

915 1988 1061 2030 diniam
1092 2000 1204 2030 vocat
1229 1987 1400 2030 Caesaris
1441 1989 1664 2042 praedium:

915 2049 1018 2099 quafi
1048 2049 1272 2101 prouinciae
1313 2044 1451 2100 populi
1496 2047 1662 2086 Romani

914 2104 1084 2144 Caesaris
1109 2104 1226 2145 effent
1242 2102 1412 2159 praedia.

972 2191 1064 2230 Non
1079 2187 1274 2245 inspexit]
1305 2191 1402 2229 Cum
1421 2198 1542 2227 cetera
1555 2200 1666 2241 prae-

914 2247 990 2296 dia,
1008 2247 1049 2286 id
1072 2249 1136 2295 est,
1159 2257 1301 2290 ceteras
1331 2246 1578 2299 prouincias,
1606 2246 1663 2282 in-

912 2303 1098 2358 spexisset.
1108 2305 1275 2357 primum
1288 2304 1389 2342 enim
1410 2313 1540 2339 contra
1552 2304 1663 2340 Pom·

910 2363 990 2416 peii
1008 2361 1202 2412 legatosin
1221 2358 1401 2412 Hispania
1421 2356 1564 2397 bellum
1578 2356 1657 2407 ges-

910 2419 1021 2466 serat,
1056 2418 1194 2457 deinde
1224 2419 1265 2456 in
1290 2415 1487 2455 Thessalia
1526 2425 1659 2454 contra

909 2474 1033 2529 ipsum
1044 2476 1279 2528 Pompeium,
1300 2474 1492 2526 postremo
1511 2473 1548 2510 in
1565 2470 1665 2510 Afri-

912 2546 967 2579 ca,
991 2546 1069 2585 quo
1102 2546 1170 2586 per
1191 2530 1354 2569 Siciliam
1387 2530 1548 2574 traiecit,
1570 2542 1662 2566 con-

911 2600 969 2628 tra
1016 2591 1231 2642 Scipionem
1277 2597 1314 2626 ct
1351 2588 1485 2625 Iubam
1515 2598 1656 2633 regem.

909 2647 1050 2699 quibus
1107 2647 1145 2683 in
1188 2642 1298 2683 benis
1347 2643 1534 2682 ditionem
1579 2640 1660 2681 fere
1712 2667 1714 2669 -

909 2716 1065 2742 onmem
1100 2700 1260 2756 inspexit
1304 2699 1441 2753 populi
1480 2699 1658 2738 Romani.

908 2774 997 2798 nam
1016 2757 1156 2798 Gallias
1176 2769 1264 2798 ante
1293 2758 1502 2806 subegerat.

1454 2807 1657 2861 Dete-rius]
