1881 3173
587 108 656 148 ΙΝ
692 107 805 149 CIC.
845 103 1032 147 EPIST.
1059 103 1196 144 EAM.

180 215 444 258 declarandam
477 219 788 261 beneuolentiam
827 234 863 274 3,

723 290 783 320 12.
806 284 861 330 78

125 331 418 371 Dimicationem
447 346 524 372 non
552 343 730 388 putamus
756 348 864 387 expe-

178 387 393 427 ditissimain
621 403 684 438 10,
697 402 766 443 24,
784 402 858 444 301

123 458 328 500 Dimittunt
366 460 446 498 vim
491 458 594 501 suam
635 462 779 501 caelum
827 472 863 504 et

182 525 282 554 terra
314 527 354 568 9,
382 526 443 562 12,
464 525 559 571 248.
620 519 740 559 dimili
762 534 860 560 excr-

179 574 295 611 citum
337 574 378 611 in
419 574 581 614 hiberna
621 588 684 630 15,
707 590 746 628 4,
765 589 861 630 459.

180 628 300 668 dimili
338 632 520 683 praesidia
572 636 715 679 omnia,
763 647 862 686 quae

179 700 401 741 paraueram
442 701 482 736 2,
519 700 663 743 1249.
718 690 861 730 Dimit-

179 755 262 784 tere
283 742 468 796 pudorem
478 742 594 797 situm
617 750 658 786 in
679 746 861 800 rogando.

181 803 277 840 Non
301 800 486 841 dimittam
516 802 702 856 pudorem
733 807 771 843 in
800 818 862 843 ro-

180 856 307 908 gando
325 873 451 898 meum
477 872 510 911 5.
539 871 603 913 19,
629 874 721 914 132.
788 861 859 904 Dc·-

181 916 337 956 mittere
356 915 612 967 adueaefizries.
670 920 706 959 Si
740 920 861 958 existi-

179 986 283 1019 mas,
322 972 480 1012 eandem
539 976 727 1015 rationem
777 975 861 1017 fore

179 1030 331 1073 Caesari
360 1033 400 1071 in
429 1030 660 1070 dimittendis
690 1032 862 1072 aduersa·

180 1089 272 1134 riis,
299 1097 335 1127 et
367 1087 651 1129 conditionibus
681 1089 862 1137 ferendis,

181 1158 282 1184 erras
306 1151 343 1193 3,
365 1148 429 1191 16,
450 1156 545 1197 234.
577 1145 864 1198 Dirttittere'jb-

178 1213 326 1240 natum.
399 1202 553 1241 Senatus
599 1204 651 1241 est
695 1202 863 1241 dimisl'us

183 1269 220 1306 1,
240 1271 279 1306 2,
299 1270 327 1311 4
385 1257 520 1298 dimissi
540 1258 679 1299 milites
713 1272 745 1313 3.
760 1271 794 1310 3,
812 1271 864 1313 55

124 1329 316 1375 Diodotus
365 1342 404 1382 9,
429 1342 470 1385 4,
496 1341 591 1385 240.
673 1330 865 1371 Diodotus

181 1388 326 1428 Stoicus
612 1399 676 1441 13,
699 1391 764 1436 16,
785 1400 864 1442 395

121 1443 324 1495 Difssecqszi.
355 1443 553 1481 VOmnium
574 1444 727 1483 illarum
759 1445 864 1484 dioe-

179 1502 313 1540 cesium
331 1501 566 1548 magistratus
592 1515 627 1555 3,
652 1509 688 1551 8,
712 1505 779 1545 66.
806 1516 863 1541 re-

179 1560 252 1602 iice
283 1559 325 1598 in
358 1555 462 1597 illam
493 1564 647 1604 διοίκησιν
707 1570 771 1612 13,
796 1572 864 1613 53,

140 1647 142 1649 ·
164 1664 166 1666 .
779 1630 824 1665 49
839 1624 860 1666 8

125 1687 230 1728 Dion
248 1683 497 1738 philosophus
651 1699 690 1740 9,
702 1685 769 1733 26,
782 1699 864 1741 270

125 1743 326 1788 Dionyfius
357 1752 538 1786 tyrannus
575 1758 658 1783 cum
682 1745 864 1788 Syracufis

181 1798 355 1852 expulsus
373 1799 482 1843 effe-t,
521 1801 700 1844 Corinthi
727 1801 866 1841 dicitur

181 1857 314 1896 ludum
338 1855 522 1912 aperuisse
651 1870 689 1910 9,
706 1870 722 1900 1
734 1862 867 1907 S,260

126 1912 307 1967 Diploma
634 1918 674 1962 6,
697 1927 760 1962 12,
785 1926 866 1968 159

124 1973 340 2021 Dirigerem
358 1971 433 2010 iter
451 1969 498 2010 ad
508 1972 696 2013 Mutinam
726 1985 787 2019 10,
803 1984 820 2013 1
833 1984 869 2021 1,

785 2036 869 2079 284

127 2100 318 2146 Dirimere
350 2099 660 2140 coniunffionem
696 2110 867 2140 veterem

183 2170 267 2196 cum
287 2154 418 2208 aliquo
662 2167 701 2208 3,
725 2168 790 2205 10,
809 2170 866 2211 72

127 2214 267 2267 Dirupi
285 2226 403 2267 paene
431 2227 503 2256 me,
523 2223 593 2253 etc.
646 2225 689 2266 7,
714 2225 748 2260 1,
774 2227 864 2269 172-

186 2270 417 2322 dirumpitur
462 2270 614 2311 infinito
653 2270 780 2311 fratris
811 2273 867 2311 tui

184 2325 317 2381 plausu
643 2341 703 2374 12,
724 2341 764 2375 2,
786 2326 867 2385 346

128 2385 338 2436 Distedere
372 2398 396 2424 a
423 2384 588 2423 malitia.
661 2390 694 2424 A
724 2385 867 2425 malitia

186 2455 266 2482 non
287 2439 444 2480 discedis
463 2453 502 2493 9,
531 2451 596 2494 19,
616 2445 712 2484 261.
755 2441 869 2481 disce-

188 2498 322 2538 debam
343 2499 412 2536 hac
432 2498 616 2550 opinione
637 2513 657 2540 e
672 2499 869 2552 Cappado-

189 2557 260 2602 cia,
293 2565 335 2593 vt
361 2555 515 2594 consilio
538 2556 676 2602 vesti-0,
705 2556 788 2596 casu
816 2559 872 2596 in«

187 2611 359 2650 credibili
385 2626 426 2650 ac
445 2625 565 2664 paene
587 2613 735 2661 diuino,
745 2627 872 2663 regem

189 2670 486 2712 Ariobarzanem
531 2683 635 2709 meus
685 2670 873 2711 aduentus

188 2722 446 2780 Praesentibus
486 2726 628 2765 infidiis
685 2727 873 2769 libcrass'et

193 2793 252 2839 15.
272 2795 314 2833 2,
335 2795 430 2836 454.
458 2783 599 2825 discesti
619 2785 659 2824 iu
680 2785 775 2826 hanc
794 2788 872 2843 opi·

977 218 1145 262 nionem,
1165 224 1207 254 vt
1227 213 1320 253 mihi
1341 223 1404 253 tua
1427 212 1522 253 salus
1542 212 1657 257 <lubin

977 288 1054 313 non
1085 272 1172 312 ess'et
1198 276 1235 319 6,
1261 280 1325 322 14,
1354 275 1445 322 163.
1502 270 1659 312 discessit

978 333 1016 370 in
1036 329 1108 369 alia
1128 330 1256 368 onmia
1281 339 1344 374 10,
1370 340 1433 373 12,
1455 331 1551 376 286.
1584 328 1657 367 dis·

977 388 1074 427 cellit
1095 385 1299 439 turpissime
1319 394 1382 432 12,
1399 396 1435 436 3,
1451 397 1542 437 347.
1572 399 1657 424 cum

974 447 1022 485 ab
1052 444 1119 484 illo
1149 442 1416 488 discess'erunt,
1443 456 1503 479 me
1532 443 1659 494 proxi-

973 517 1077 542 mum
1096 501 1239 540 habent
1429 500 1468 545 6,
1495 511 1552 545 ¹2,
1578 510 1658 552 159

918 573 1107 628 Disceptat
1134 573 1258 611 omnis
1289 569 1443 610 fortuna
1475 569 1658 622 reipubli-

976 645 1040 669 cae
1063 633 1103 669 in
1126 643 1204 669 vno
1229 626 1378 682 proelio
1404 638 1543 676 10,10‚
1563 633 1659 676 282.

974 687 1179 742 disceptare
1200 686 1312 724 armis
1332 684 1377 722 de
1396 685 1479 722 iure
1503 683 1660 738 publico

973 758 1015 798 4,
1044 759 1085 798 4,
1114 746 1179 793 36.
1234 741 1511 794 disceptabatur
1544 744 1660 781 armis

975 815 1113 851 magno
1134 798 1304 854 periculo
1327 799 1374 837 de
1395 800 1478 837 iure
1502 797 1658 853 publico

974 872 1014 909 4,
1039 870 1102 912 14,
1137 869 1224 898 102.
1308 855 1585 908 disceptabatur
1613 855 1660 896 de

975 918 1059 956 iure
1081 913 1235 969 publico
1266 914 1366 953 inter
1393 911 1592 952 Caesarem
1623 923 1660 952 ct

975 975 1199 1025 Pompeium
1221 968 1306 1024 pilis
1337 980 1373 1010 et
1403 968 1548 1020 gladiis,
1580 985 1659 1011 nou

974 1029 1158 1077 consiliis,
1197 1041 1322 1082 neque
1368 1028 1659 1069 auetoritatibus

1462 1087 1557 1132 6,1,
1581 1096 1661 1136 140

920 1155 1095 1199 Disceffio
1118 1157 1225 1195 fieret
1251 1167 1287 1203 1,
1314 1168 1353 1206 4,
1375 1159 1412 1198 6.
1479 1153 1660 1195 disccssio-

978 1228 1064 1253 nem
1085 1212 1208 1251 facere
1233 1224 1268 1259 1,
1287 1225 1327 1260 2,
1342 1225 1380 1264 4.
1421 1209 1607 1266 DJ'hcffus
1635 1228 1661 1252 a

978 1269 1084 1310 nobis
1114 1270 1261 1321 longus.
1339 1273 1464 1318 Quam
1502 1268 1660 1319 longum

978 1329 1088 1367 istum
1120 1325 1317 1366 discessum
1356 1337 1464 1369 tuum
1494 1340 1514 1365 a
1548 1329 1659 1367 nobis

979 1383 1153 1424 futurum
1175 1393 1282 1437 putes
1431 1396 1473 1436 7,
1497 1396 1559 1432 10,
1587 1392 1661 1433 182

918 1438 1102 1495 Discipuli
1123 1439 1274 1479 dicendi
1427 1452 1468 1495 9,
1490 1444 1554 1485 16,
1575 1453 1658 1494 253

919 1513 1050 1564 Disco.
1131 1511 1256 1552 Didici
1284 1512 1454 1559 vincere,
1475 1522 1512 1551 te
1533 1511 1660 1554 defen-

974 1569 1087 1609 dente
1115 1582 1152 1623 ς.
1175 1581 1215 1622 9,
1238 1579 1332 1621 115.
1369 1568 1485 1609 didici
1512 1568 1658 1610 summo

977 1627 1100 1667 studio
1118 1640 1283 1679 curaque
1303 1628 1443 1676 omnia,
1460 1640 1556 1680 quae
1576 1626 1660 1666 asa-

978 1684 1213 1739 pientissimis
1251 1682 1298 1722 ad
1336 1684 1434 1724 bene
1474 1687 1660 1738 beateque

978 1741 1187 1783 viuendum
1217 1740 1353 1780 tradita
1382 1740 1467 1782 sunt
1500 1756 1538 1795 4,
1556 1754 1592 1795 3,
1605 1749 1663 1796 84

924 1813 1170 1866 Difhrepare-
1227 1814 1448 1866 Numquam
1466 1814 1660 1853 aconfiliis

979 1873 1053 1910 tuis
1075 1869 1340 1923 discreparem,
1373 1871 1398 1911 fi
1426 1871 1519 1910 mihi
1545 1870 1660 1910 facul-

978 1938 1032 1968 tas
1045 1930 1100 1967 tui
1111 1925 1314 1980 praesentis
1327 1927 1416 1968 effet
1443 1939 1503 1974 ιο,
1513 1939 1661 1981 4‚275.

980 1984 1190 2037 discrepare
1208 1986 1255 2024 ab
1276 1983 1407 2037 aliquo
1432 1987 1660 2039 opinionum

974 2041 1208 2092 diss'enlione²
1237 2056 1317 2081 non
1337 2044 1554 2083 animorum
1575 2056 1664 2081 con·

977 2101 1150 2140 tentione
1467 2112 1509 2147 2,
1536 2112 1663 2153 13,43

923 2157 1204 2203 Discribuntur‚
1247 2157 1363 2204 alias,
1402 2155 1667 2197 describuntur

979 2215 1162 2269 pecuniae
1191 2215 1377 2251 maximae
1455 2224 1517 2260 12,
1538 2227 1567 2260 1,
1583 2226 1663 2267 345

923 2272 1134 2318 Discrimcn
1156 2284 1271 2313 omne
1293 2268 1384 2309 belli
1412 2271 1453 2311 in
1480 2273 1524 2310 D.
1546 2273 1664 2310 Bruto

976 2330 1138 2383 positum
1448 2338 1511 2376 12,
1527 2338 1563 2380 ς,
1586 2339 1667 2381 349

922 2387 1107 2439 Discupio
1435 2390 1472 2432 8,
1496 2395 1562 2437 15,
1582 2397 1669 2438 233

925 2447 1124 2487 Discutere
1175 2439 1333 2483 alicuius
1388 2443 1669 2484 cunetationem

1402 2508 1467 2546 10³
1493 2511 1559 2552 332
1586 2496 1664 2546 ‘il-2

927 2560 1116 2608 Disiungo
1138 2570 1199 2595 me
1217 2554 1265 2593 ab
1295 2554 1536 2595 orationihus*
1572 2549 1608 2601 i,
1628 2568 1668 2607 9,

986 2628 1053 2669 27.
1095 2611 1274 2655 disiunffl
1312 2610 1518 2656 interuallo,
1565 2611 1672 2651 loma

982 2687 1066 2714 rum
1096 2686 1137 2709 ac
1167 2682 1382 2721 temporum
1525 2681 1558 2718 1,
1578 2681 1618 2721 7,
1642 2682 1671 2721 9

926 2731 1063 2783 Dispar
1087 2729 1283 2767 contentio
1574 2727 1668 2767 ibid.

927 2788 1179 2845 Dispertitum
1198 2783 1367 2828 officium
1480 2796 1516 2836 ς,
1537 2794 1573 2828 2,
1590 2796 1669 2838 105

1498 2841 1669 2892 Disputa-
