1881 3173
477 96 544 136 IN
590 97 628 136 ι».
664 93 950 137 MANVTu
982 91 1316 154 ‘commun

183 222 268 264 pro,
296 206 383 248 Itali
411 211 505 258 816.
534 221 567 247 a.
631 209 756 247 Latini
783 205 867 246 ludi

183 268 280 320 426.
303 264 349 306 b.'
367 267 523 306 Latinae
556 263 673 304 feriae
732 276 825 318 545.
844 277 865 303 a

127 325 287 365 Lauatio
307 323 500 362 veteribus
524 320 728 361 admodum
758 321 866 360 fami-

185 380 289 420 liaris
310 378 385 418 fuit
725 381 821 427 618.
841 377 866 417 b

127 436 342 478 Laudamus
363 433 476 483 nihil,
496 432 601 488 quod
629 448 708 473 non
729 436 866 489 probe-

183 505 291 539 mus;
334 502 373 532 at
402 491 519 531 multa
549 492 756 544 probamus
789 491 865 530 fine

180 548 293 591 laude
320 555 412 603 358.
437 549 475 588 b.
538 546 744 588 laudabant
778 561 864 588 reos

181 607 259 647 viri
279 605 440 654 nobiles,
449 607 602 660 patroni
613 603 866 644 defendebant

185 670 250 715 83.
269 675 302 703 a.
347 668 440 712 118.
461 662 496 702 b.
555 661 733 701 laudandi
782 675 865 700 mos

182 721 367 770 egregius,
393 730 518 759 tecum
555 729 674 759 certes
712 721 807 769 634.
827 717 865 756 b.

185 775 436 815 laudabantur
455 777 569 814 etiam
592 776 648 814 rei
670 788 738 828 per
766 774 865 814 litte-

180 847 240 872 ras
270 834 317 872 ab
349 834 410 882 iis,
431 834 498 885 qui
518 833 676 872 aberant
712 842 804 884 119.
826 831 864 870 b.

182 889 330 930 laudari
350 891 391 928 in
409 892 537 942 pueris
564 899 600 928 et
619 887 862 928 adolescenti-

180 947 251 987 bus
273 945 365 987 solet
381 946 472 1000 spes,
494 945 591 986 faeta
612 959 691 985 non
710 944 863 999 possunt

751 1013 820 1055 73·
842 1016 864 1042 a

126 1057 314 1100 Laureola
727 1070 816 1111 171.
838 1059 862 1098 b

123 1120 223 1158 Laus
244 1130 334 1156 vera
354 1131 451 1171 quae
477 1128 573 1169 453.
596 1129 629 1154 a.
665 1113 745 1154 laus
771 1130 862 1155 vera

181 1189 202 1213 a
221 1176 373 1214 laudato
395 1177 480 1214 viro
498 1171 747 1226 proficiscitur
767 1173 861 1225 869.

178 1247 215 1271 a.
259 1240 351 1285 870.
364 1246 396 1270 a.
448 1229 570 1269 laudis
617 1228 861 1280 cupiditatem

181 1290 376 1345 profiteri,
425 1286 663 1334 arrogantiae
697 1298 776 1323 non
809 1285 860 1323 est

726 1352 818 1392 320.
840 1355 861 1380 a

121 1399 329 1441 Lollii-arii
352 1399 420 1448 qui
725 1409 822 1451 295.
840 1412 861 1437 a

121 1459 270 1498 Lechm.
300 1456 343 1492 ln
366 1456 463 1495 10610
485 1454 588 1496 locus
618 1456 860 1502 honoratior,

176 1514 337 1568 priuatis
387 1513 733 1559 discumbentibus,
780 1524 861 1552 erat

177 1570 348 1611 medium
398 1569 656 1609 discumbente
693 1567 859 1616 consule,

177 1624 331 1666 Vltimus
722 1628 820 1678 671,
835 1640 858 1665 a

120 1686 346 1734 Legationes
365 1679 507 1721 liberae
529 1679 763 1721 senatoribus
790 1696 857 1723 cur

177 1743 364 1779 dabantur
711 1742 807 1790 726.
831 1739 856 1779 b

120 1803 350 1849 Legatorum
382 1809 560 1834 numerus
584 1809 605 1834 a
636 1793 764 1835 senatu
794 1795 856 1837 de-

175 1854 411 1899 cernebatur,
443 1851 703 1902 deligebantur
728 1863 855 1894 autem

177 1915 219 1960 ii,
238 1923 274 1951 et
294 1910 590 1950 nominabantur
606 1911 653 1949 ab
672 1907 760 1957 illis,
771 1913 854 1964 qui-

174 1972 247 2011 bus
291 1969 511 2022 prouinciae
554 1968 759 2021 imperium
793 1968 854 2008 de-

175 2025 425 2068 mandabatur
465 2029 531 2078 69.
548 2023 584 2063 b.
642 2023 855 2075 legatorum

177 2098 313 2124 munus
336 2094 372 2122 et
394 2081 555 2131 dignitas
745 2093 814 2135 70.
831 2096 854 2122 a

119 2143 257 2191 Legim
306 2141 452 2179 Primus
475 2140 522 2177 in
538 2136 688 2187 legione
702 2139 854 2179 ordina·

172 2201 272 2238 rium
310 2195 369 2234 sex
410 2193 572 2234 millium
611 2206 647 2234 et
675 2194 855 2237 ducento-

175 2269 261 2295 rum
284 2251 443 2291 militum
463 2266 663 2292 numerum
694 2254 736 2292 C.
773 2258 852 2293 Ma-

177 2313 256 2351 rius
281 2308 369 2349 fecit
393 2320 487 2350 201.
508 2309 545 2349 b.
583 2307 751 2359 legiones
782 2313 849 2350 fin-

174 2366 284 2419 gulae
305 2365 466 2416 singulos
488 2367 676 2406 habebant
693 2366 847 2417 legatos,

175 2427 348 2465 tribunos
363 2422 524 2462 militum
537 2423 849 2470 senos‚centurio-

171 2495 238 2520 nes
269 2481 430 2519 tricenos
470 2480 561 2528 861.
589 2481 626 2520 b.
681 2480 848 2530 legiones

172 2537 390 2576 hiemabant
410 2536 562 2576 diuersis
593 2539 632 2576 in
661 2536 777 2587 locis,
808 2549 849 2579 vt

174 2593 408 2634 commodius
467 2592 646 2635 vtiliusue
695 2597 852 2648 putabat

172 2653 380 2704 imperator
708 2666 805 2706 452.
827 2666 849 2692 a

114 2709 332 2757 Legionarii
349 2709 493 2760 equites
710 2723 805 2763 204.
826 2723 848 2749 a

114 2766 297 2805 Lemonia
316 2766 436 2805 tribus
708 2770 801 2823 560,
822 2767 847 2805 b

918 202 1075 246 Lentuli
1107 202 1206 245 filius
1226 216 1297 258 73.
1321 218 1354 247 a.
1399 206 1438 249 P.
1460 205 1662 248 Cornelius

973 260 1155 301 Lentulus
1186 273 1224 315 9.
1245 275 1278 304 a.
1322 262 1422 302 vnde
1447 277 1659 315 cognomen

973 318 1106 358 habuit
1128 320 1340 372 Spintheris
1577 333 1604 375 9
1634 321 1659 360 b

920 376 1121 422 Leonteus,
1144 376 1321 416 Thomas
1528 389 1622 432 315.
1637 391 1660 419 ο

920 432 1067 486 Lepido
1103 432 1239 473 summi
1269 432 1439 474 honores
1477 448 1498 473 a
1527 434 1658 475 senatu

979 489 1121 529 decreti
1521 502 1618 545 703.
1638 505 1662 532 a

923 545 1053 599 Lepor,
1074 546 1353 598 metaphorica‘aes
1516 560 1616 602 429,
1637 562 1660 588 a

922 602 1136 642 Leuidenfis
1157 604 1266 642 vestis
1516 609 1595 657 631
1635 606 1658 644 b

922 662 999 700 Lex
1027 658 1163 699 Clodia
1198 659 1244 698 de
1277 661 1472 700 Ciceronis
1511 661 1657 702 exsulio

983 722 1075 770 844.
1097 716 1133 754 b.
1171 714 1229 755 lex
1250 717 1430 756 Cornelia
1460 718 1507 756 de
1535 721 1659 758 τεθο-

978 775 1081 812 ribus
1102 775 1388 826 prouinciarum
1410 781 1504 822 218.
1527 788 1560 814 a.
1596 774 1658 817 lex

973 831 1153 869 Cornelia
1176 829 1363 883 sumptum
1390 832 1542 871 videtur
1567 831 1659 872 deffi

972 886 1102 933 niiss'e,
1130 900 1214 925 cum
1246 887 1292 925 ad
1325 901 1459 926 eorum
1492 887 1656 939 laudem,

975 945 1040 996 qui
1059 944 1266 996 prouinciis
1286 943 1542 998 praefuiss‘ent,
1561 943 1658 996 lega-

977 1004 1099 1039 tiones
1124 1003 1281 1040 Romam
1301 1004 1543 1042 mitterentur
1559 1007 1659 1055 236.

975 1070 1009 1095 a.
1057 1056 1138 1107 lege
1162 1056 1342 1097 Cornelia
1381 1059 1510 1098 datum
1538 1060 1657 1116 impc÷⁴

974 1115 1074 1152 rium
1110 1115 1251 1153 tamdiu
1281 1126 1427 1163 manet,
1469 1115 1588 1155 donec
1616 1120 1657 1157 in

975 1171 1108 1208 vrbem
1126 1170 1330 1223 proconsul
1340 1175 1504 1212 introeat
1518 1184 1537 1214 1
1547 1185 1609 1227 34.
1621 1189 1656 1223 a,

973 1223 1032 1264 lex
1053 1223 1221 1275 Curiata,
1243 1231 1403 1269 comitiis
1418 1230 1581 1270 Curiatis
1601 1230 1656 1270 fe·

974 1283 1129 1323 rebatur
1152 1295 1242 1337 131.
1261 1283 1298 1329 b.
1352 1285 1411 1325 lex
1431 1288 1584 1328 Curiata
1613 1290 1656 1329 ni

972 1338 1149 1386 ferretur,
1188 1354 1269 1379 rem
1313 1342 1515 1383 militarem
1544 1347 1655 1384 attin·

972 1409 1060 1446 gere
1078 1411 1158 1436 non
1178 1396 1315 1438 licebat
1329 1410 1422 1453 132.
1445 1400 1481 1440 b.
1510 1400 1570 1441 lex
1582 1405 1654 1455 Gag

970 1454 1074 1493 binia
1098 1461 1170 1508 48.
1191 1453 1226 1495 b.
1264 1454 1324 1495 lex
1344 1456 1440 1497 lulia
1470 1457 1516 1498 de
1536 1461 1653 1499 ratio-

970 1511 1081 1549 nibus
1118 1513 1406 1565 prouinciarum
1443 1513 1653 1556 referendis
1678 1517 1684 1525 “

975 1578 1066 1620 194.
1091 1566 1126 1606 b.
1183 1566 1240 1608 lex
1264 1571 1379 1624 Pupia
1408 1578 1474 1625 48.
1494 1572 1530 1613 b.
1589 1572 1650 1613 lex

970 1623 1101 1662 Roscia
1135 1632 1188 1678 71
1198 1637 1231 1677 ς.
1260 1623 1296 1666 b.
1356 1626 1416 1670 lex
1463 1631 1650 1670 Scantinia

971 1686 1066 1733 589.
1096 1695 1129 1721 a.
1183 1680 1243 1734 lex
1271 1685 1490 1739 Sempronia
1520 1697 1590 1738 70.
1612 1687 1651 1729 b.

970 1736 1031 1775 lex
1059 1738 1297 1793 Sumptuaria
1329 1755 1422 1797 494>
1457 1757 1490 1782 a.
1544 1742 1646 1794 leges

969 1795 1204 1847 promulgari
1233 1796 1404 1841 solebant
1439 1814 1508 1855 per
1531 1801 1649 1841 trinas

968 1851 1170 1919 nundinas,
1207 1864 1406 1908 antequam
1457 1857 1654 1899 fexrtntut

967 1920 1031 1962 50.
1052 1923 1084 1949 a.
1114 1907 1215 1961 leges
1235 1912 1449 1955 iudiciarias
1470 1915 1560 1955 duas
1590 1906 1652 1955 tu·-

967 1965 1013 2005 lit
1038 1968 1237 2022 Pompeius
1506 1982 1602 2026 433.
1622 1986 1646 2012 a

910 2021 1053 2064 Libelli
1071 2025 1118 2064 ab
1137 2022 1301 2080 epistolis
1321 2024 1607 2081 differunt735.
1621 2030 1646 2069 b

909 2082 1027 2120 Liber
1043 2079 1170 2121 nullus
1191 2093 1266 2122 tam
1295 2085 1473 2136 antiquus
1493 2087 1557 2134 cst,
1577 2090 1646 2139 qui

966 2140 1073 2177 omni
1091 2139 1244 2192 prorsus
1265 2150 1372 2180 vacet
1396 2142 1535 2181 mendo
1551 2150 1644 2194 308.

963 2194 1002 2235 b.
1032 2193 1121 2235 libri
1133 2195 1443 2246 inuoluebantur,
1465 2199 1644 2253 epistolae

962 2251 1198 2306 plicabantur
1225 2266 1321 2295 220.
1340 2268 1370 2293 a.
1420 2254 1510 2295 libri
1538 2259 1644 2296 Lice·

962 2310 1067 2349 ronis
1085 2309 1131 2350 de
1149 2309 1342 2365 republica
1366 2323 1457 2364 524.
1469 2327 1502 2352 a.
1531 2312 1649 2367 libriq

960 2368 1154 2408 veteribus
1193 2382 1273 2408 non
1311 2367 1454 2427 semper
1490 2369 1644 2411 creden·

960 2422 1051 2463 dum
1504 2433 1599 2480 871.
1618 2441 1642 2468 a

904 2479 1089 2529 Liberalis
1112 2483 1196 2535 quis
1504 2497 1597 2538 322.
1617 2498 1642 2525 a

905 2536 1127 2578 Liberalitas
1150 2550 1187 2579 et
1206 2539 1418 2581 humanitas
1448 2545 1515 2596 96.
1534 2555 1569 2586 a,
1596 2539 1642 2582 li-

960 2594 1166 2636 beralitatis
1177 2610 1268 2638 vera
1286 2596 1366 2637 laus
1387 2600 1429 2637 in
1440 2613 1487 2638 eo
1498 2600 1561 2638 fita
1574 2601 1640 2649 est,

961 2666 1045 2692 cum
1062 2655 1115 2692 ita
1133 2655 1357 2695 beneficium
1373 2655 1516 2703 damus,
1529 2666 1570 2696 vt
1589 2658 1638 2697 ab

959 2723 1007 2749 eo
1035 2712 1103 2763 qui
1128 2712 1274 2765 accipit,
1299 2726 1378 2751 non
1409 2712 1527 2752 modo
1556 2712 1637 2752 fru-

955 2768 1139 2821 &umqaut
1167 2767 1377 2809 mercedem
1410 2769 1526 2810 vllam
1553 2783 1635 2809 non

1519 2839 1640 2876 exiga-
