1881 3173
845 70 1140 116 INDEX·

234 189 419 245 Sapientis
457 189 509 227 est
556 189 685 228 inania
725 196 967 226 contemnere
1022 188 1179 226 Senator
1199 183 1358 224 ess‘enon
1376 189 1754 238 poterat,nifiDCCC
1809 185 1814 193 ’

291 259 386 299 225.
406 246 442 284 b.
470 243 675 298 sapientem
697 247 799 283 Zeno
820 257 897 281 non
913 241 968 280 so-

292 302 372 343 lum
393 304 558 349 beatum,
578 299 639 340 sed
672 303 784 340 etiam
808 300 967 343 diuitem

292 359 416 399 dicere
438 357 544 397 ausus
566 360 616 397 est
667 354 672 358 ’
831 366 927 409 471.
947 368 968 392 a

240 418 431 472 Sapientia
450 413 522 454 alia
556 412 750 461 naturalis,
774 411 846 452 alia
873 425 969 465 quae

294 474 341 514 ab
363 483 442 511 arte
470 469 718 523 proficiscitur
746 473 827 520 136
858 485 890 509 a.
917 466 969 505 sa-

290 531 433 586 pientia
469 530 510 565 in
537 540 698 580 puerum
741 540 819 564 non
850 524 969 565 cadit:

291 586 355 627 sed
371 585 516 624 elucere
537 594 660 623 tamen
688 586 729 622 in
753 581 817 621 illa
845 593 967 622 aetate

292 645 392 692 figna
429 639 612 693 quaedam
641 640 790 681 futurae
825 639 969 693 sapien-

292 701 366 739 tiae
386 694 536 752 poss'unt
827 709 920 750 344.
942 693 968 731 b

237 756 346 795 Sardi
372 752 523 795 venales
826 760 911 806 489
944 750 968 788 b

235 813 429 853 Sardiniae
451 809 624 865 pestilens
651 807 798 849 caelum
828 815 920 859 488.
947 807 971 845 b

236 868 455 910 satisfacere
834 873 928 919 587.
946 863 971 902 b

236 925 537 966 Satisfafflonem
557 923 725 975 accipere
834 927 933 977 464.
952 933 973 958 a

235 984 387 1026 Saturni
407 982 549 1031 signum
579 978 781 1020 infaustum
829 986 932 1032 485.
952 990 975 1016 a

235 1040 404 1085 sanium,
425 1048 461 1078 et
493 1036 665 1090 suauiuni
834 1043 916 1091 918
947 1034 973 1072 b

235 1095 353 1143 Scala,
373 1099 448 1135 Pax
845 1104 937 1145 190.
951 1104 973 1129 a

235 1152 410 1203 Scaliger,
432 1149 610 1204 Iosephus
834 1152 932 1202 665.
952 1161 973 1186 a

236 1211 423 1252 Scantinia
447 1207 505 1247 lex
838 1212 933 1259 589.
953 1217 975 1243 a

237 1269 382 1320 Scaptia
417 1265 537 1304 tribus
840 1265 934 1315 562.
953 1275 975 1300 a

237 1324 424 1364 Scaturire
447 1316 592 1373 aliquid
836 1330 930 1371 532.
948 1319 975 1358 b

239 1384 299 1424 M.
316 1382 473 1419 Scaurus
841 1385 860 1415 1
872 1385 936 1415 10.
954 1387 977 1412 ι

238 1437 367 1480 Scelus
384 1449 404 1474 a
418 1433 576 1489 flagitio
599 1440 642 1471 vt
662 1427 815 1469 differat
844 1433 938 1483 615,
954 1444 976 1469 a

239 1494 401 1546 Scicntia
422 1492 521 1531 viuis
541 1490 638 1542 eripi
656 1488 796 1527 morbo
817 1496 977 1536 tantum,

295 1548 516 1605 perturbata
535 1546 734 1592 memoria,
749 1546 870 1598 potest
880 1556 977 1598 437.

297 1621 331 1646 a.
347 1606 534 1658 scientiae
550 1601 803 1643 multitudinis
815 1615 978 1641 numero

832 1669 930 1712 259.
951 1659 977 1698 b

245 1717 392 1762 Sc3'2cet
422 1729 484 1770 55.
509 1731 543 1756 a.
575 1716 741 1769 stilic-et,
765 1728 837 1768 pro
867 1716 980 1754 nimi-

302 1788 390 1815 rum
845 1778 937 1825 878.
958 1772 984 1812 b

243 1836 265 1874 S
289 1835 395 1873 tibae
418 1828 514 1870 nulli
530 1827 630 1869 serui
646 1836 752 1868 erant
772 1825 834 1869 sed
856 1827 984 1869 liberti

934 1918 938 1924 .
961 1899 983 1924 a

243 1941 453 1984 scribendo
474 1940 596 1981 adeffe
845 1898 939 1995 3553.
956 1944 981 1982 b

243 2004 438 2054 {criptura
468 1997 758 2054 publicanorum
844 2005 938 2051 829.
956 2001 982 2039 b

244 2058 382 2111 scyphi
846 2062 942 2109 481.
961 2070 983 2096 a

244 2116 378 2156 sector
841 2116 923 2161 886
957 2114 983 2155 b

247 2168 416 2214 Secundo
436 2171 527 2218 loco,
549 2181 634 2222 pro,
655 2166 792 2208 deinde
871 2181 937 2222 55.
957 2171 982 2210 b

246 2231 374 2275 Secur,
396 2241 481 2280 pro,
501 2225 599 2265 male
843 2237 937 2279 219.
956 2228 982 2267 b

246 2283 330 2328 Sed.
359 2286 476 2324 Vnica
495 2281 676 2337 particula
689 2280 776 2333 fid,
806 2295 893 2335 pro,
910 2283 987 2332 fid

301 2341 432 2389 etiam,
449 2353 736 2394 nonnumquam
748 2340 883 2379 Cicero
895 2353 983 2379 con·

305 2407 431 2437 tentus
448 2399 499 2438 est
876 2408 940 2449 55.
963 2412 984 2436 a

248 2455 437 2495 Sedebant
460 2455 634 2493 nonestae
657 2450 834 2493 mulieres
869 2455 910 2492 in
935 2451 985 2492 le-

306 2513 369 2552 διο
401 2515 497 2566 672.
520 2524 552 2550 a.
597 2508 759 2563 sedere,
779 2522 868 2564 pre,
890 2508 986 2550 nihil

305 2583 416 2617 abere
850 2573 940 2619 894.
965 2581 986 2605 a

249 2628 272 2666 S
288 2625 372 2670 -des,
393 2634 428 2663 et
450 2621 684 2662 domicilium
842 2632 940 2677 789.
961 2624 988 2663 b

252 2680 387 2730 Σεμνός
441 2690 482 2721 vt
536 2681 582 2722 ab
646 2681 767 2721 Ennio
816 2690 990 2720 vertatur

846 2749 941 2792 445·
965 2751 987 2777 ⁸
1028 2796 1030 2798 ,

1080 240 1199 280 millia
1220 244 1568 300 possitlct·et794.a
1611 245 1755 285 senato·
1802 234 1843 273 ²³⁸

1079 312 1138 337 res
1159 312 1290 337 omnes
1315 312 1442 348 regum
1458 312 1626 354 tempore
1640 304 1754 355 patri·

1079 356 1128 393 cii
1159 365 1264 393 erant
1285 359 1369 410 654
1399 357 1433 396 b.
1472 356 1661 398 senatores
1692 356 1753 398 vel
1810 364 1825 402 ᾗ*

1079 410 1328 458 coloniarum,
1354 410 1414 451 vel
1446 416 1756 468 municipiorum,
1817 441 1820 448 «

1078 466 1295 511 decuriones
1332 471 1564 523 vocabantur
1600 483 1696 524 415.
1719 486 1755 511 a.
1819 467 1821 470 ⁴

1079 522 1295 563 senatorum
1321 527 1388 576 qui
1417 527 1652 574 iudicabant,
1685 542 1754 567 nu·

1078 594 1213 631 merus,
1237 584 1328 634 567.
1352 595 1385 619 a.
1430 581 1663 623 senatoribus
1689 598 1757 624 cur
1827 596 1830 606 ·

1078 636 1265 677 dabantur
1331 635 1538 687 legationes

1027 763 1221 801 Senator-ia
1256 761 1415 811 dignitas
1447 768 1552 820 prius
1581 781 1659 806 non
1691 767 1759 805 nifi

1084 820 1248 872 patriciis
1269 824 1390 873 patuit
1546 838 1550 841 ’
1615 827 1710 876 659.
1729 823 1757 863 b

1028 900 1182 942 Senatus
1203 890 1385 944 appellari
1396 906 1475 935 non
1491 891 1614 940 debet,
1626 896 1665 933 in
1679 908 1758 946 quo

1084 961 1151 986 nec
1169 947 1356 987 senatores
1387 949 1512 997 multi,
1539 964 1606 990 nee
1626 964 1760 989 eorum
1834 996 1838 1000 ⁴

1082 1002 1213 1050 libera,
1234 1015 1411 1059 metuque
1443 1005 1563 1046 soluta
1583 1004 1759 1046 voluntas
1824 1015 1831 1022 “

1085 1063 1136 1100 est
1155 1073 1249 1114 251.
1267 1075 1301 1103 a.
1329 1059 1473 1102 senatus
1496 1066 1535 1102 in
1554 1065 1691 1117 quibus
1704 1063 1759 1103 lo·

1085 1120 1136 1158 cis
1158 1119 1361 1157 haberetur
1376 1131 1468 1172 557.
1487 1122 1521 1160 b.
1553 1122 1592 1159 in
1611 1119 1759 1175 templis

1083 1176 1293 1214 habebatur
1308 1179 1402 1225 683.
1425 1180 1459 1217 b.
1489 1177 1620 1216 haberi
1646 1179 1761 1217 comi-

1083 1231 1235 1270 tialibus
1252 1231 1385 1271 diebus
1406 1247 1482 1272 non
1501 1243 1649 1288 poterat
1668 1234 1760 1288 566.

1084 1288 1123 1328 b.
1154 1286 1362 1327 discedebat
1380 1289 1501 1342 Aprili
1521 1291 1645 1330 mense
1665 1302 1762 1340 231.
1825 1301 1847 1313 ”
1864 1274 1866 1276 v

1084 1346 1122 1384 b.
1157 1345 1393 1397 stipendium,
1419 1356 1455 1384 et
1475 1345 1762 1396 legatorumnu-

1086 1413 1247 1448 merum,
1273 1412 1309 1441 et
1329 1401 1615 1455 supplicationes
1637 1404 1763 1443 decer·

1087 1458 1202 1496 nebat
1222 1460 1295 1496 fine
1310 1458 1441 1510 populi
1461 1459 1637 1510 suffragio
1650 1465 1714 1513 69.
1726 1474 1763 1501 a.

1088 1511 1232 1553 senatui
1260 1510 1418 1567 potestas
1450 1527 1541 1559 erat,
1570 1531 1665 1568 quos
1687 1515 1765 1555 vel·

1089 1569 1153 1618 let,
1176 1572 1214 1608 in
1238 1573 1450 1622 prouincias
1486 1573 1668 1617 mittendi,
1692 1574 1769 1612 fiue

1089 1626 1313 1674 consulares,
1326 1629 1398 1667 flue
1410 1632 1618 1682 praetorios
1635 1632 1766 1683 569³-

1090 1683 1256 1724 senatum
1299 1698 1435 1724 vocare
1477 1688 1545 1739 qui
1588 1696 1769 1740 poterant
1844 1672 1849 1719 'l

1094 1753 1192 1795 704.
1212 1743 1248 1781 b.
1278 1740 1404 1795 plures
1424 1743 1706 1795 quadringentis
1724 1745 1768 1782 in

1093 1797 1221 1837 senatu
1239 1813 1325 1837 raro
1351 1799 1507 1840 aderant

1037 1870 1195 1910 Senatus
1208 1868 1416 1909 consultum
1425 1872 1471 1910 ab
1482 1871 1704 1911 auctoritate
1714 1870 1772 1910 se-

1093 1938 1202 1966 natus
1234 1927 1428 1980 quomodo
1459 1927 1607 1967 differat
1640 1929 1769 1982 41.b.

1095 1986 1248 2024 Senatus
1262 1983 1469 2024 consultum
1483 1987 1565 2024 fieri
1588 1997 1665 2023 non
1685 1995 1769 2038 pot-

1096 2053 1188 2088 erat,
1211 2042 1277 2080 nist
1307 2052 1425 2081 certus
1447 2042 1671 2088 {senatorum
1699 2056 1769 2080 uua

1097 2112 1221 2137 merus
1255 2097 1393 2138 adcffct
1422 2105 1486 2147 88.
1520 2100 1557 2138 b.
1613 2100 1770 2137 Senatus
1841 2127 1844 2134 ,

1094 2153 1253 2194 consulti
1295 2155 1561 2207 impedimenta
1615 2158 1706 2209 566.
1729 2154 1772 2196 b.

1093 2214 1246 2251 Senatus
1278 2211 1446 2252 consulto
1468 2212 1587 2252 adesse
1608 2212 1768 2251 scriben-

1094 2268 1144 2309 do
1164 2266 1276 2315 soliti,
1295 2271 1362 2320 qui
1393 2268 1540 2310 senatus
1561 2267 1766 2308 consultum

1093 2326 1175 2367 fieri
1196 2324 1487 2379 vellent563.b.
1516 2327 1670 2366 Senatus
1682 2339 1769 2363 con-

1096 2381 1193 2422 sulto
1230 2382 1426 2435 impedito,
1466 2382 1610 2421 senatus
1644 2392 1770 2421 tamen
1845 2379 1847 2381 ¹

1093 2437 1268 2479 voluntas
1315 2439 1612 2491 perstribebatur
1644 2452 1682 2492 ς.
1727 2440 1770 2477 in
1841 2438 1848 2469 -3

1096 2495 1240 2535 senatus
1253 2495 1419 2535 consulto
1431 2496 1566 2550 duplex
1578 2506 1656 2535 erat
1668 2508 1771 2548 prae-

1096 2552 1265 2605 scriptio,
1294 2555 1506 2593 neceffitatis
1535 2568 1621 2600 vna,
1651 2553 1770 2590 hono-
1842 2540 1850 2554 ⁴

1100 2611 1152 2648 ris
1171 2608 1284 2647 altera
1309 2621 1399 2663 307.
1422 2625 1454 2650 a.
1501 2612 1656 2650 Senatus
1685 2622 1772 2646 con·
1840 2611 1850 2643 ζ’

1100 2664 1194 2707 fulta
1225 2664 1376 2708 duobus*
1404 2667 1526 2710 modis
1551 2667 1632 2708 fieri
1664 2664 1772 2704 solita
1823 2670 1843 2711 j

1639 2725 1732 2773 265.
1750 2735 1772 2761 a
1827 2721 1853 2733 ”

1666 2794 1774 2832 8052?-

1614 639 1757 679 liberae
1810 650 1813 651 ’
1871 644 1874 648 ’

1611 697 1759 750 726.b
1834 717 1838 722 ·

1652 1801 1766 1853 47-b
1839 1849 1842 1852 ⁴
