1881 3173
273 151 358 203 962

273 264 388 313 gitur,
405 275 509 310 non,
527 258 579 303 ‘vt
606 262 762 315 quidam
790 259 1012 308 voluerunt,

269 318 495 374 praestanti,
514 329 580 359 aut
599 319 803 373 praesenti.
830 319 1014 370 quamob-

273 390 356 415 rem
375 384 516 424 autem,
534 375 800 430 praestantem,
825 384 888 413 aut
902 386 1016 427 prae-

263 433 428 485 sentem,
446 431 768 486 magnitudinem,
785 433 920 471 Latine
939 432 1015 471 dici

272 488 378 544 poffe
405 489 658 536 crediderint,
688 501 767 527 non
796 487 924 528 video.
951 487 1015 527 sed

271 548 346 586 hoc
384 555 627 596 argumento,
665 545 729 583 etsi
768 546 1016 584 firmiffimum

274 606 338 652 est,
359 605 431 642 niti
448 612 575 642 tamen
604 599 796 641 nolumus.
833 616 907 642 vna
936 612 1016 641 tan-

272 670 355 701 tum
379 661 530 700 ratione
568 656 813 706 refellantur,
851 659 959 712 quod
994 674 1016 698 a

272 717 380 757 libris
403 714 665 769 manuscriptis
679 714 907 755 dissentiunt.
920 729 1015 770 quo-

273 789 361 814 rum
382 787 452 813 nos
472 774 738 813 austeritatem
750 771 874 812 indies
885 775 1015 824 magis,

275 831 471 883 magisque
491 829 661 870 facimus.
692 828 880 883 permulta
901 833 1014 879 enim,

277 902 375 941 quae
398 889 441 926 in
460 889 507 926 iis
536 889 662 941 primo
690 888 832 927 intuitu
861 887 1016 927 videan-

275 957 340 985 tur
368 943 540 991 absurda,
571 946 672 998 post,
707 945 769 983 vbi
798 943 1015 995 diligentius

275 1001 606 1048 animaduerteris,
638 1000 932 1041 commodiffime
963 1001 1017 1041 di-

275 1061 335 1100 c'ta
365 1061 616 1112 reperientur.
655 1069 697 1097 vt
730 1058 804 1097 hoc
838 1060 880 1098 in
914 1058 1016 1107 loeo,

276 1119 346 1170 qui
366 1118 500 1164 statim,
520 1116 682 1155 verbum
705 1113 811 1163 illud,
836 1117 1015 1168 praefixu-

278 1178 351 1221 tia,
371 1172 463 1226 quid
482 1173 550 1212 fibi
582 1170 718 1219 vellet,
745 1182 810 1211 aut
831 1186 908 1224 quo
938 1172 1014 1224 spc-

279 1232 412 1276 naret,
441 1243 520 1268 non
546 1238 810 1282 perceperunt,
833 1229 1013 1269 vitiosum

278 1286 474 1325 credentes
491 1287 753 1324 immutarunt.
782 1286 833 1324 est
851 1288 952 1324 enim
964 1288 1018 1325 ita

278 1344 433 1390 dietum,
450 1343 677 1394 praesentia,
697 1344 1018 1397 mqgrnitudinesst

278 1402 413 1448 animi,
434 1409 473 1438 et
497 1396 657 1450 coqfilfi,
690 1408 881 1451 tamquam
908 1401 934 1438 fi
963 1400 1017 1438 di·

277 1455 395 1503 xiffet‚
407 1453 594 1509 praesenti
614 1456 758 1500 animo,
774 1467 912 1503 magno
931 1470 1016 1494 con-

275 1515 372 1560 filio,
392 1523 433 1552 vt
448 1510 707 1565 praesentiam
725 1513 856 1558 animi,
873 1526 910 1550 m
924 1515 1017 1567 :gui-

276 1570 450 1610 tudinem
504 1567 648 1607 consilii
699 1567 770 1607 effe
827 1569 1015 1608 voluerit:

276 1625 601 1679 quemadmodum
634 1626 746 1663 cuam
773 1623 879 1673 alibi,
903 1639 1014 1678 prae-

264 1687 416 1734 sentem
435 1684 605 1722 animum
617 1681 820 1735 saepiffime
841 1683 952 1722 dixit:
965 1693 1016 1722 et-

276 1742 302 1779 fi
323 1741 467 1794 vbique
493 1738 574 1778 fere
601 1740 760 1778 eandem
787 1754 920 1778 vocem
947 1742 1016 1778 im·

273 1799 389 1851 periti
430 1794 710 1849 deprauarunt,
744 1796 1014 1852 praestantem,

273 1868 354 1892 non
388 1854 637 1906 praesentem,
661 1852 839 1902 legentes.
900 1855 1015 1894 Prae-

260 1912 436 1962 stutiam
481 1924 638 1963 quoque
677 1912 801 1950 animi
835 1910 931 1949 dixit
970 1913 1012 1950 in

273 1978 370 2007 orat.
398 1981 470 2020 pro
498 1966 648 2006 Milone
677 1982 706 2006 c.
728 1979 793 2019 23.
824 1977 860 2006 et
880 1968 1016 2008 Caesar

272 2023 340 2064 lib.
353 2035 389 2076 5.
415 2023 461 2063 de
485 2022 575 2064 bell.
596 2022 690 2064 Gall.
705 2037 813 2078 043.

333 2080 537 2135 Sacerdos]
575 2082 677 2130 Qid
690 2080 872 2132 sacerdos
893 2081 956 2122 hic
972 2082 1013 2122 fi-

273 2139 439 2188 gnificet‚
460 2139 578 2177 Hirtii
607 2140 734 2178 verbis
761 2137 1012 2180 ostendemus.

272 2198 320 2235 fic
342 2197 445 2235 enim
465 2194 594 2234 scribit
612 2196 658 2234 de
674 2193 761 2235 bell.
774 2193 878 2236 Alex.
901 2212 931 2236 c.
943 2199 1011 2240 66.

272 2252 453 2301 Cumana,
481 2251 765 2304 vetustlffitmlm
792 2263 832 2292 et
852 2253 1012 2305 [anelis

258 2309 408 2363 fimum
451 2311 491 2349 in
542 2308 782 2361 Cappadocia
831 2309 1011 2351 Bellonae

269 2367 465 2419 templum,
491 2364 594 2419 quod
611 2377 727 2405 tantu
750 2367 935 2422 relligione
953 2382 1008 2408 co·

269 2423 384 2470 titur,
405 2433 450 2463 vt
461 2420 646 2472 sacerdos
671 2424 751 2462 eins
777 2423 895 2469 Deae,
924 2438 1008 2463 ma·

266 2480 410 2533 testate,
431 2481 602 2532 imperio,
626 2480 798 2532 potentia
815 2478 1010 2532 stcundus

268 2552 292 2574 a
313 2550 398 2593 rege
415 2536 591 2587 consensit
605 2539 733 2591 gentis
745 2538 854 2578 illius
871 2537 1007 2578 lrabea-

267 2603 347 2633 tur.
407 2591 459 2633 Id
468 2594 611 2633 homini
626 2593 861 2644 nobilzffimo,
896 2594 1005 2646 Lyco·

266 2648 367 2688 medi
386 2649 559 2696 Bitlfflzio
580 2648 837 2690 adiudicauit.
865 2653 1004 2704 Appia—

265 2720 335 2746 nus
376 2717 502 2745 autem
539 2708 580 2745 in
626 2708 700 2745 fine
737 2708 1003 2756 Mithridatici,

264 2765 546 2818 Commagenis,
588 2765 738 2816 inquit,
770 2765 1003 2805 Archelaum

247 2819 489 2872 ⁹fizcern'etem
522 2823 728 2874 praefecit,
753 2835 851 2878 quae
878 2821 1002 2879 dzgni-

606 147 826 190 PAVLLI
861 147 1152 190 MAN-VTII
1189 145 1461 188 SCH'OLIA

1069 272 1133 301 tas
1151 259 1313 302 hahetur
1339 262 1461 317 regia.
1533 259 1667 299 Strabo
1692 260 1808 300 etiam

1067 318 1185 358 initio
1205 317 1349 358 lib.12.
1375 318 1476 356 idem
1499 316 1626 356 tradit.

1127 403 1348 455 Adolescens
1365 413 1403 443 et
1434 403 1620 458 equitatu,
1649 413 1688 442 et
1701 401 1808 455 pedi·

1071 469 1174 507 tatu,
1196 471 1234 500 et
1247 462 1415 513 pecunia·
1429 468 1619 512 paratus,
1649 469 1688 498 et
1716 470 1811 507 toto,

1070 518 1121 557 iis
1151 519 1218 572 qui
1251 518 1390 556 nouari
1419 517 1568 571 aliquid
1602 513 1809 570 volebant]

1073 575 1178 620 Sunt,
1190 586 1286 626 quos
1306 571 1477 612 offendat
1494 575 1584 612 haec
1603 570 1740 611 ledfio:
1765 585 1809 612 ac

1070 628 1157 676 fuit,
1188 643 1274 668 cum
1302 642 1372 679 ego
1403 643 1558 683 quoque
1587 642 1812 683 corruptum

1070 685 1198 725 locum
1215 687 1476 725 existimarem.
1514 700 1614 725 nunc
1637 687 1682 725 de
1707 701 1813 726 meu-

1072 743 1122 782 do
1143 741 1241 782 nihil
1272 742 1449 797 suspicor.
1487 741 1582 782 dixit
1606 745 1730 790 enim,
1771 755 1810 783 et

1071 811 1166 847 tote,
1192 799 1232 839 id
1251 795 1324 845 ests
1345 810 1381 839 ct
1404 814 1446 838 ea
1465 813 1521 846 re,
1544 813 1640 852 quae
1664 799 1808 840 summa

1072 858 1144 896 est:
1173 856 1312 896 deinde
1336 856 1531 910 exposuit,
1561 867 1683 896 totum
1712 855 1808 896 illud

1071 914 1166 967 quid
1196 915 1257 953 fit:
1303 914 1366 961 iis,
1387 915 1462 967 'qui
1492 914 1632 952 nouari
1658 913 1814 970 aliquid

1070 970 1270 1011 volebant:
1296 984 1318 1009 a
1339 972 1478 1023 quibus
1497 973 1660 1009 maxime
1680 973 1814 1010 timcn-

1072 1027 1162 1066 dum
1182 1037 1275 1075 erat,
1300 1041 1413 1080 quem
1444 1026 1718 1067 adolescentem
1748 1028 1812 1069 vel

1070 1083 1220 1124 leuibus
1239 1086 1452 1124 rationibus
1476 1085 1522 1121 ad
1545 1083 1688 1123 bellum
1724 1084 1814 1138 pof-

1070 1141 1150 1181 sent
1167 1139 1376 1195 impellere.
1435 1139 1672 1188 Adolescens,
1694 1143 1813 1191 igitur

1071 1198 1179 1245 dixit,
1202 1210 1239 1238 et
1268 1200 1464 1251 equitatu,
1496 1208 1532 1235 et
1551 1197 1744 1250 peditatu,
1773 1212 1811 1238 et

1074 1257 1234 1309 pecunia
1251 1267 1417 1308 paratus,
1441 1267 1475 1293 et
1497 1255 1602 1306 quud
1623 1253 1810 1294 sumnnnn

1075 1313 1150 1359 est,
1178 1314 1238 1360 iis,
1268 1313 1336 1366 qui
1368 1313 1504 1350 nouari
1531 1310 1675 1363 aliquid
1706 1310 1810 1351 vole-

1072 1369 1177 1408 bant.
1270 1371 1329 1407 Sic
1354 1370 1465 1407 etiam
1485 1367 1552 1409 lib.
1569 1381 1604 1420 ς.
1630 1368 1678 1407 ad
1698 1371 1811 1408 Attic.

1074 1427 1257 1477 epist.20.
1342 1425 1406 1479 ijl?
1434 1436 1567 1469 totum,
1596 1425 1692 1481 quid
1720 1426 1810 1467 Kal.

1072 1482 1204 1521 Mart.
1219 1482 1403 1533 futurum
1420 1482 1480 1527 lit,
1514 1495 1607 1534 pro,
1635 1484 1686 1521 cst
1716 1482 1811 1522 sum-

1071 1552 1190 1585 mum,
1225 1541 1276 1576 est
1314 1541 1534 1584 maximum,
1568 1540 1608 1576 in
1645 1553 1692 1578 eo
1723 1538 1811 1579 sunt

1071 1597 1214 1642 omnia,
1234 1594 1326 1647 quid
1348 1593 1550 1634 l(al.Mart.
1571 1593 1743 1634 futurum
1756 1598 1811 1636 sit.

1131 1663 1349 1717 Tibarmu']
1403 1667 1516 1705 Forte
1555 1665 1743 1712 'mma-cni,
1763 1666 1811 1707 de

1072 1724 1210 1775 quibus
1244 1722 1463 1761 Plutarchus
1491 1725 1529 1761 in
1564 1721 1742 1770 Lucullo,
1772 1735 1810 1764 ct

1070 1778 1213 1818 Plinius
1237 1779 1302 1818 lib.
1316 1783 1353 1821 6.
1374 1794 1401 1817 c.
1416 1793 1453 1831 4.
1477 1781 1544 1819 vbi
1564 1780 1810 1825 Temiscyrae

1066 1838 1235 1885 regionis
1269 1847 1397 1885 gentes
1419 1836 1679 1889 persequitur:
1720 1851 1810 1878 nam

1072 1892 1357 1933 Tibur-anorum
1378 1896 1612 1933 mentionem
1634 1894 1807 1935 nondum

1071 1952 1215 1990 inueni.

1130 2021 1216 2069 Res,
1237 2033 1330 2077 quas
1349 2021 1480 2073 cansa!
1504 2022 1546 2060 in
1578 2022 1669 2062 vrbe
1688 2023 1809 2078 geffifi

1059 2076 1142 2130 set]
1212 2081 1256 2117 Iu
1278 2092 1356 2131 quo
1369 2081 1418 2117 ita
1438 2076 1597 2127 legatur,
1621 2076 1806 2121 vesullum

1071 2136 1184 2174 habet
1203 2135 1371 2175 codicem
1402 2149 1559 2184 magnae
1582 2134 1658 2189 spei
1679 2137 1807 2178 adole-

1069 2191 1184 2239 scens,
1202 2191 1384 2245 Iosephus
1401 2194 1671 2232 Tramezinus.
1716 2196 1806 2235 Con·

1055 2249 1130 2301 fill
1145 2260 1286 2296 autem,
1307 2248 1346 2288 id
1365 2251 1428 2297 est,
1452 2251 1609 2289 Cicero:
1642 2265 1805 2291 comme-

1066 2317 1268 2352 morantur
1291 2308 1406 2354 enim,
1431 2319 1529 2360 quae
1554 2320 1627 2360 pro
1649 2310 1804 2349 Cicero.

1066 2365 1124 2402 nis
1144 2363 1339 2413 dignitate,
1358 2375 1394 2402 et
1420 2364 1575 2410 dixerat,
1598 2374 1634 2402 et
1661 2365 1802 2406 fecerat

1066 2421 1180 2460 Cato,
1264 2423 1359 2468 Qiis
1388 2422 1430 2460 lit
1457 2430 1584 2460 autem
1607 2422 1652 2467 is,
1688 2436 1802 2474 quem

1061 2475 1319 2528 clarlffi'mmn,
1348 2488 1460 2531 atque
1471 2480 1652 2529 optimum
1672 2482 1801 2519 virum

1059 2533 1238 2587 appellat,
1258 2532 1470 2582 intelligere
1484 2534 1654 2573 nondum
1676 2540 1799 2588 potui.

1059 2590 1254 2629 Caesarem
1267 2591 1433 2643 quic-lem,
1448 2601 1489 2630 vt
1498 2590 1563 2629 alii
1575 2593 1797 2642 existimant,

1057 2661 1138 2687 non
1158 2649 1346 2687 arbitror:
1387 2661 1500 2701 quem
1524 2650 1660 2687 Cicero
1690 2665 1801 2689 num-

1056 2719 1170 2757 quam
1193 2707 1384 2758 optimum
1405 2707 1530 2744 virum
1550 2706 1726 2753 vocass'et‚
1751 2708 1798 2746 acl

1056 2764 1243 2802 Catonem
1263 2761 1440 2808 scribens,
1472 2761 1640 2801 Caesaris
1670 2765 1796 2802 inimi-

1055 2833 1153 2868 cum,
1172 2817 1392 2875 praesertim
1414 2832 1497 2861 cnm
1520 2829 1600 2861 tota
1619 2819 1701 2860 fere
1723 2823 1797 2873 epi-

1704 2878 1795 2916 stola

1874 1906 1881 2055 ,κω-..ΔΑ
1870 1640 1881 1889 „ssm—-e·‹·,
1880 1622 1881 1626 „

1864 3046 1868 3055 <
1857 2928 1881 3010 ,3:32
1861 2847 1881 2924 rw
1863 2825 1868 2830 ν
