1881 3173
250 143 337 195 ⁶76

307 251 371 293 De
390 265 471 293 meo
490 261 596 294 ERN.
618 256 738 295 medio
756 251 887 306 curfia]
907 255 987 293 Cur

248 325 328 350 non
354 313 405 350 ita
422 309 557 360 legam,
577 327 662 350 cum
682 324 719 351 et
741 313 793 352 ita
807 311 988 364 scriptum

248 368 398 408 videam
426 370 464 406 in
484 379 613 408 vetere
637 367 752 416 libro,
774 379 810 407 et
829 368 989 406 historia

248 423 495 474 suffragetur}
524 440 611 464 naun
640 426 743 478 epist.
761 435 817 477 15.
847 423 895 462 ad
932 426 987 462 M.

247 485 421 529 Brutum,
441 484 483 521 in
502 481 649 528 medrof
662 483 800 533 inquit,
829 478 990 520 Achaico

247 539 376 589 clusit,
409 553 494 578 cum
522 538 738 590 Etesiarum
766 536 895 576 diebus
920 551 988 576 au·

230 597 320 653 ster
350 610 407 634 me
431 599 469 633 in
499 595 656 633 ltaliam
689 590 886 646 retulisse).
943 595 988 632 Et

246 652 362 703 lib.3.
383 651 430 690 de
445 651 553 689 Offic.
577 665 605 689 c.
621 661 684 703 33.
756 652 796 690 Si
827 650 904 702 ipse
926 664 989 690 ve·

246 706 372 764 nissen:
393 708 568 747 Athenas
595 705 719 762 (quod
732 706 883 762 quidem
903 705 990 763 eſj‘ee

240 767 408 821 fabium,
428 766 471 803 ni
488 780 502 803 ι
523 777 581 804 me
600 779 621 803 e
640 767 762 803 medio
781 764 896 816 cursu
912 766 989 806 cla·

245 837 293 863 ra
316 834 402 862 voce
417 822 554 875 patria
581 818 815 874 reuocaffit.)

306 891 529 948 Numquam
572 904 644 944 per
680 892 742 932 M.
780 893 991 933 Antonium

245 952 396 1005 quieta,-
407 949 494 1003 fin]
535 947 741 1001 'Epist.28.
767 959 805 988 et
832 947 899 990 lib.
927 960 989 992 12.

248 1009 352 1061 epist.
382 1018 421 1058 4.
444 1017 510 1047 22.
541 1018 577 1045 et
603 1008 643 1044 in
676 1005 919 1060 Philippicis:
949 1016 992 1046 vt

246 1064 449 1109 Plutarchi,
482 1065 668 1116 Appiani,
704 1065 864 1111 Dionis,
894 1061 991 1103 alio·

245 1134 410 1175 rumque
441 1121 655 1160 testimonia
692 1122 935 1160 omittantur.

304 1189 468 1245 Aetate]
527 1194 658 1230 Annos
678 1194 753 1231 iam
774 1203 885 1232 natus
909 1202 991 1232 erat

245 1251 363 1289 LXII.
395 1250 511 1302 periit
534 1250 637 1287 enim
665 1262 744 1302 quo
769 1263 872 1289 anno
901 1251 990 1289 Hir·

246 1308 320 1345 tius
342 1318 377 1345 et
405 1304 516 1344 Pansa
542 1304 713 1346 consules
733 1303 856 1356 fuere,
877 1317 988 1346 natus

247 1365 410 1403 Serrano
429 1374 465 1403 et
486 1364 681 1416 Caepione
711 1358 798 1407 coss.

302 1419 450 1472 Fabiis]
479 1422 646 1459 Maxime
667 1422 822 1474 quidem
839 1415 994 1476 oppres-

246 1476 284 1516 sa
306 1478 573 1517 coniuratione
602 1478 805 1518 Catilinae.

303 1550 367 1588 Ita
388 1549 501 1600 longa
521 1547 585 1602 est]
629 1552 713 1589 Hoc
738 1563 841 1589 anno
862 1544 993 1589 consu-

246 1603 300 1644 les
312 1616 420 1644 erant
440 1608 628 1645 Antonius
649 1618 685 1647 et
697 1604 912 1657 Dolabella,
935 1609 992 1646 in-

246 1663 406 1701 terfe8w
430 1661 556 1701 idibus
580 1665 731 1704 Martiis
751 1663 924 1712 Caesare,
933 1677 996 1703 cu-

245 1721 305 1759 ius
326 1719 451 1758 locum
473 1718 674 1759 Dolabella
696 1723 913 1776 occupauit.
934 1721 994 1760 his

245 1789 348 1816 anno
369 1775 540 1829 sequenti
559 1773 760 1818 successuri
779 1788 888 1818 erant
905 1781 996 1818 Hir·

246 1835 321 1873 tius
342 1843 379 1872 et
392 1832 519 1880 Pansa,
531 1834 663 1874 Hirtio
684 1844 722 1875 et
739 1834 877 1875 Pansae
887 1835 997 1874 Plan·

246 1905 310 1929 cus
331 1901 368 1929 et
388 1893 434 1930 D.
455 1892 608 1930 Brutus.
649 1903 855 1947 propterea
888 1891 994 1940 dicit,

245 1948 438 2043 itaslonga
467 1946 527 2003 est,
558 1947 661 1989 anno
691 1949 844 2002 integro
877 1951 994 1990 inter·

248 2015 300 2059 po
315 2014 384 2044 ito.

303 2075 495 2128 Spiritum
514 2073 670 2131 ducere]
715 2076 831 2126 Quod
854 2076 993 2118 Cicero

245 2144 325 2172 non
355 2134 494 2186 potuit.
536 2146 638 2180 nam,
687 2133 994 2188 conspirantibus

246 2199 378 2228 contra
399 2188 635 2243 reipublicae
658 2201 784 2244 partes
807 2193 994 2239 Antonio,

245 2245 410 2300 Lepido,
429 2246 609 2294 ouauio,
621 2246 757 2286 Cicero
776 2248 918 2288 occisus
930 2250 995 2296 est,

247 2301 387 2344 Planco
409 2303 582 2342 nondum
610 2303 776 2344 consule.
966 2316 969 2318 '

304 2362 482 2400 Hominis
505 2359 819 2415 impotentissimi]
876 2363 996 2402 Anto·

247 2416 317 2463 nii,
353 2418 421 2470 qui
461 2428 594 2467 regere
631 2420 803 2457 animum
831 2422 996 2471 ratione,

245 2474 391 2526 sibique
409 2474 602 2527 imperare
618 2487 698 2514 non
711 2486 873 2529 poterat.
889 2479 994 2530 epist.

246 2540 314 2584 27.
343 2541 380 2569 et
401 2528 467 2569 lib.
495 2543 534 2586 4.
567 2533 672 2585 epist.
694 2543 734 2585 9.

279 2636 283 2642 K
306 2586 574 2638 Necsenatus,
586 2589 819 2642 necpupulus
830 2589 909 2629 vim
929 2586 994 2629 ha-

245 2640 309 2682 bet
327 2643 468 2697 vllam]
497 2642 595 2684 Phil.
615 2657 646 2686 ι.
674 2657 703 2683 c.
717 2655 752 2685 2.
794 2644 912 2686 Nihil
923 2659 996 2700 per

234 2699 435 2750 senatum,
454 2701 579 2740 multa
600 2711 639 2740 et
668 2715 814 2758 magna
840 2716 911 2757 per
931 2715 996 2756 po-

240 2755 395 2809 pulum,
432 2767 469 2796 et
503 2755 653 2808 algsenta
687 2760 840 2813 populo,
872 2769 910 2800 et
940 2761 996 2799 in·

247 2823 343 2853 vno.

462 140 688 181 PAVLLI
724 140 1012 183 MANVTH
1050 140 1572 183 COMMENTARIVS

1102 254 1186 294 Nec
1196 257 1342 295 omnino
1348 255 1612 309 firnulacrum
1631 251 1791 311 aliquod

1044 326 1091 352 ac
1113 311 1308 368 vestigium
1327 311 1520 366 ciuitatis]
1560 313 1785 361 Imaginem,

1020 377 1030 380 “
1043 378 1111 408 aut
1128 369 1284 418 fignum.
1303 370 1430 408 minus
1448 380 1574 408 autem
1600 371 1652 408 est
1679 367 1787 421 vesti-

1041 428 1163 479 gium,
1181 437 1294 478 quam
1305 426 1593 479 stmulacrum:
1627 439 1713 465 nam
1725 424 1786 478 st·

1044 482 1280 531 mulacrum,
1317 488 1438 523 totam
1481 496 1562 522 rem
1598 482 1760 523 ostendit
1772 496 1786 530 3

1044 538 1257 594 vestigium,
1279 541 1475 580 minimam
1490 542 1546 579 rei
1567 551 1725 592 partem,
1740 552 1786 577 ex

1045 608 1120 649 qua
1153 608 1233 634 rem
1271 606 1389 637 totam
1417 599 1628 648 cogitamus
1655 598 1788 646 magis,

1045 666 1161 706 quam
1183 651 1369 694 videmus.
1389 650 1508 709 lib.4.
1523 655 1625 707 epist.
1644 666 1705 708 14.
1723 652 1788 693 Ne

1040 710 1242 766 ,vqstejgium
1282 709 1436 766 quidem
1463 712 1588 752 vllam
1623 712 1671 769 5st
1697 711 1789 752 reli·

1046 781 1164 824 quum
1186 765 1292 807 nobis
1314 767 1532 824 dignitatis.
1715 775 1724 782 ‘

1105 836 1228 892 Aila]
1259 836 1505 889 Singulorum
1525 839 1687 879 dierum.

1100 898 1136 936 A
1157 907 1228 936 tua
1242 895 1437 950 pueritia]
1459 897 1620 951 Epist.l3.

1054 971 1060 975 ·
1101 949 1169 993 Ad
1187 964 1297 993 tuum
1315 955 1478 1009 tempus]
1560 951 1618 993 Ad

1047 1008 1265 1049 consulatus
1285 1010 1354 1051 tui.

1106 1063 1362 1122 Perducitur]
1419 1067 1602 1108 Pei-dueta
1626 1078 1707 1103 non
1727 1063 1792 1109 est,

1049 1121 1352 1176 conspirantibus
1374 1128 1416 1165 in
1436 1139 1519 1165 eam
1529 1123 1793 1169 Antonio,Le-

1048 1180 1159 1234 pido,
1181 1181 1359 1221 Offlauio.

1103 1250 1315 1305 Fortunae]
1332 1252 1535 1307 Propterea
1557 1260 1701 1302 veteres
1714 1259 1795 1288 ere-

1047 1320 1137 1348 xere
1158 1308 1351 1350 Fortunae
1369 1311 1522 1364 templa,
1535 1306 1640 1362 quod
1659 1307 1794 1345 camin

1049 1367 1164 1406 rebus
1183 1366 1358 1406 humanis
1371 1367 1500 1408 valere
1517 1366 1725 1421 plurimum
1737 1376 1794 1403 ar·

1049 1423 1306 1464 bitrabantur.

1107 1480 1326 1534 Aliquanto
1345 1477 1451 1533 ante]
1481 1482 1618 1520 Annua
1637 1476 1797 1533 prouin*

1050 1536 1131 1576 ciae
1152 1538 1480 1579 administratione
1500 1536 1685 1577 musceta.

1107 1609 1326 1661 Furnium]

1049 1668 1154 1721 epist.
1169 1674 1206 1716 3.
1492 1712 1494 1715 .

1108 1737 1194 1779 Nec
1211 1738 1346 1786 miror,
1376 1750 1414 1778 et
1427 1733 1595 1792 gaudeo]
1669 1733 1798 1785 Auget

1051 1797 1201 1849 copiam
1223 1794 1396 1834 locorum
1417 1793 1595 1833 fimilium
1618 1791 1797 1832 obserua-
1840 1820 1843 1822 -

1052 1855 1122 1893 tio.
1180 1851 1310 1893 Simile
1331 1863 1457 1892 autem
1481 1849 1576 1890 illud
1604 1851 1709 1903 epist.
1728 1860 1796 1891 20.

1050 1906 1189 1951 Studia
1208 1924 1291 1949 mea
1304 1922 1394 1962 erga
1412 1920 1462 1956 te,
1482 1908 1555 1948 tihi
1572 1919 1657 1947 tam
1672 1918 1796 1962 grata

1050 1962 1130 2021 effi,
1147 1979 1263 2021 quam
1281 1979 1347 2023 ego
1361 1966 1501 2019 putaui
1515 1964 1618 2017 fore,
1640 1965 1794 2003 minime

1051 2023 1186 2071 miror,
1206 2022 1512 2076 vehementerque
1535 2021 1672 2062 laetor.
1750 2022 1795 2060 Et

1051 2075 1120 2119 lib.
1144 2088 1179 2132 3.
1199 2080 1302 2132 epist.
1317 2088 1382 2120 10.
1413 2081 1528 2136 Qae
1538 2076 1586 2118 de
1606 2077 1794 2118 hominum

1051 2147 1166 2192 atque
1181 2135 1357 2176 ordinum
1372 2139 1538 2175 omnium
1556 2147 1649 2191 erga
1672 2134 1794 2189 testu·

1053 2192 1128 2232 diis
1151 2191 1294 2247 scribis
1333 2191 1389 2232 ad
1421 2206 1494 2240 me,
1527 2195 1681 2232 minime
1700 2191 1794 2232 mihi

1647 962 1797 1005 annum·

1429 1607 1558 1649 Planci
1613 1607 1791 1669 legatum·

1053 2251 1234 2289 miranda
1253 2259 1292 2289 ee
1311 2252 1476 2290 maxime
1501 2250 1667 2289 iucunda
1697 2251 1794 2289 ucci-

1052 2305 1207 2347 derunt.
1245 2307 1359 2355 Quod
1381 2309 1515 2346 attinet
1532 2305 1580 2345 ad
1603 2306 1694 2345 duas
1709 2319 1793 2360 par·

1052 2358 1200 2409 titulans,
1227 2377 1307 2411 nec,
1336 2374 1397 2404 et:
1435 2360 1650 2417 exemplum
1681 2363 1795 2402 habe-

1052 2434 1135 2458 mus
1167 2419 1305 2472 lib.13.
1334 2422 1517 2475 epist-28.
1576 2421 1658 2463 Nec
1679 2422 1796 2460 Lace-

1051 2477 1268 2517 daemonios
1288 2476 1469 2519 dubitare
1488 2476 1675 2525 arbitror,
1701 2482 1794 2533 quin

1040 2533 1149 2584 satis
1169 2534 1424 2575 commendati
1443 2536 1533 2587 sint
1542 2535 1642 2587 fidei
1669 2545 1706 2574 et
1735 2536 1797 2574 iu·

1036 2590 1180 2645 stitiae
1202 2602 1317 2631 tuae.-
1345 2603 1381 2630 et
1403 2606 1478 2648 go,
1503 2604 1573 2632 etc.
1631 2593 1729 2631 Item
1751 2593 1794 2630 in

1051 2648 1254 2686 Hortensio
1269 2662 1278 2686 t
1308 2648 1392 2689 Nec
1410 2653 1451 2688 in
1465 2645 1699 2703 philosophia
1717 2651 1794 2689 cui·

1050 2717 1164 2760 quam
1174 2703 1334 2755 ceffit,et
1353 2708 1458 2746 vitae
1471 2709 1674 2761 grauitate
1682 2718 1794 2757 prae-

1037 2761 1162 2819 stitit.
1202 2764 1352 2802 Mutato
1373 2773 1500 2802 autem
1523 2761 1624 2810 loco,
1642 2762 1707 2801 lib.
1728 2769 1794 2804 ΣΟ.

1052 2817 1101 2857 ad
1118 2819 1229 2858 Attic.
1251 2820 1356 2872 epist.
1372 2835 1405 2862 ι.
1464 2822 1562 2867 Hoc,
1591 2817 1694 2876 quod
1715 2821 1795 2875 agi·

1698 2889 1794 2926 mus,
1848 2882 1851 2884 ’
