1881 3173
567 138 638 182 IN
674 138 789 182 CIC.
827 136 1180 180 EPISTFFAM.
1241 172 1243 177 ,

151 265 253 308 130.
289 250 471 303 colligere
498 251 680 306 reliquias
709 251 764 293 sui
791 252 843 294 la·

154 314 260 352 boris
281 322 346 359 12,
372 323 431 361 14,
456 321 549 364 357.
585 309 764 360 colligere
785 325 842 350 re·

152 367 291 422 liquias
307 370 446 406 veteris
481 370 750 416 negotiationis
776 379 842 421 13,

153 430 220 479 65.
244 428 339 474 426.
369 422 546 473 colligere
567 423 603 462 se
623 435 661 474 3,
689 436 752 471 10,
770 436 840 478 70.

95 520 97 522 ,
153 482 351 522 collectam
382 492 543 531 gratiam
572 481 769 521 effundere
802 494 842 529 2,

91 575 97 579 .
158 543 225 587 16,
244 541 314 592 46.
351 536 532 580 colleetae
561 552 583 578 a
605 550 641 578 te
669 541 840 579 rationes

91 633 95 638 .
611 608 649 649 ς,
671 609 737 650 13,
760 608 840 649 123

92 663 298 707 collocare
325 664 423 704 bene
455 679 512 712 ea,
547 680 644 720 quae
682 667 840 707 facimus

149 722 309 762 alicuius
331 721 451 762 causs'a
477 732 732 779 13‚28,405.
762 723 841 763 eol-

149 779 277 820 loeare
308 782 347 818 in
377 784 588 821 ceruicibus
622 784 756 822 nostris
789 780 840 820 le·

151 841 285 888 giones
306 840 445 886 cogitat
469 849 534 885 12,
557 851 623 890 23,
641 851 732 892 371.
762 837 839 877 col-

91 922 94 923 ν
151 896 279 934 locare
300 908 379 933 rem
403 894 606 935 militarem
645 910 685 944 2,
712 909 771 948 ¹3,
787 906 836 947 ⁴23

98 953 382 993 collocationes.
421 954 463 990 ln
497 955 632 992 nostris
658 953 840 993 sermoni-

151 1013 222 1051 bus
263 1007 664 1064 collocutionibusque
711 1010 839 1048 vidisti

683 1068 839 1119 1‚9,16

93 1137 310 1191 Colloquar
340 1147 464 1176 tecum
493 1151 607 1192 quam
632 1136 838 1190 saepiffime

151 1210 222 1252 per
246 1195 390 1234 litteras
711 1206 794 1246 1‚7,
813 1205 839 1246 9

94 1255 194 1296 Coto.
233 1253 391 1300 Vrbem,
411 1253 465 1290 mi
485 1251 595 1298 Rufe,
620 1249 714 1298 cole,
743 1263 778 1289 et
798 1252 840 1288 in

149 1312 216 1350 ista
238 1307 322 1347 luce
353 1310 443 1347 viue
476 1323 515 1356 2,
540 1319 600 1356 12,
623 1319 690 1359 42.
749 1306 842 1346 colit

147 1381 211 1408 me
231 1366 374 1404 summa
395 1364 638 1404 obseruantia
660 1376 702 1415 4,
721 1379 761 1417 4,
776 1368 842 1412 86.

150 1422 278 1463 colere
325 1421 484 1461 alicuius
522 1423 730 1462 absentiam
764 1437 842 1460 me-

148 1483 294 1527 moria,
327 1476 493 1518 reditum
521 1480 583 1534 spe
612 1479 841 1533 exsfoeGiare,

81 1551 86 1555 ·
147 1539 372 1578 deficiet-ium
386 1534 523 1576 litteris
536 1536 730 1577 mittendis
751 1539 840 1576 acci.

145 1595 375 1650 piendisque
386 1591 506 1633 lenire
524 1608 539 1636 1
550 1609 614 1649 5,2
623 1607 640 1635 1
649 1625 658 1639 ,
670 1607 765 1647 479.
780 1607 841 1632 co-

149 1652 230 1692 lere
249 1653 455 1691 amicitiam
475 1653 694 1692 saneiissime
723 1663 787 1699 10,
803 1663 839 1701 1,

150 1721 248 1762 272.
278 1707 404 1748 colere
446 1721 545 1749 artes
588 1718 625 1749 et
651 1708 770 1749 studia
801 1721 839 1757 3,

701 1776 716 1805 ¹
729 1778 766 1819 3³
780 1778 838 1820 79

92 1836 338 1879 Columnarii
646 1843 684 1885 8,
704 1849 742 1890 9,
756 1851 839 1880 222

91 1895 356 1937 Combibones
624 1906 659 1947 9<¹
676 1906 741 1947 25,
756 1898 840 1948 269

92 1952 307 1995 Comedere
333 1963 413 1989 rem
433 1947 538 1988 suam
598 1960 612 1990 1
631 1962 743 1999 1‚21,
759 1962 837 2006 335

95 2012 266 2051 Comites
287 2008 419 2047 idonei
613 2011 678 2054 16,
699 2019 734 2052 1,
754 2015 831 2056 ⁴8¹

93 2069 261 2109 Comitia
312 2065 519 2103 centuriata
555 2074 598 2116 7,
633 2075 701 2114 30,
739 2078 837 2106 200.

151 2124 302 2164 comitia
323 2122 533 2175 quaestoria
553 2123 721 2161 instituta
743 2122 836 2162 ibid.

149 2182 303 2221 comitia
323 2181 466 2218 tributa
740 2178 836 2219 ibid.

92 2242 358 2280 Commeatum
396 2237 536 2275 habere
577 2247 645 2288 per
674 2233 834 2275 alicuius

150 2296 389 2352 prouinciam
598 2304 659 2339 ιο,
674 2304 695 2344 3
705 2305 740 2346 3,
753 2305 835 2345 312

89 2352 421 2397 Commemoratio
454 2346 670 2387 officiorum
700 2353 835 2390 confir·

147 2420 247 2450 mata
291 2407 455 2447 amicitia
494 2415 531 2444 et
561 2406 727 2459 perfec‘ia
761 2408 836 2448 fide

148 2467 427 2521 superuacanea
452 2464 504 2502 cst
659 2476 698 2517 3,
719 2477 755 2518 5,
781 2478 835 2519 57

76 2535 485 2588 Commendanffimus.
571 2535 660 2572 Mea
705 2538 835 2576 onmia

149 2596 221 2634 tibi
244 2591 600 2634 commendatiffima
626 2591 701 2631 effe
722 2596 835 2647 cupio

656 2661 695 2693 2·
720 2657 756 2698 8·
784 2657 831 2701 38

90 2705 332 2750 Commendo
371 2718 433 2744 me
470 2712 594 2742 totum
619 2706 689 2744 tibi
719 2718 834 2759 atque

149 2764 260 2804 trado
282 2776 321 2810 2,
339 2766 376 2810 6,
400 2773 463 2813 35.
493 2763 720 2801 commendo
744 2778 834 2803 eum

120 2820 124 2824 ’
145 2823 219 2862 tibi
238 2822 426 2860 maiorem
437 2821 478 2856 in
499 2819 660 2859 modum
686 2831 752 2873 13,
767 2831 831 2874 37,

955 263 1005 304 41
1020 262 1051 292 1.
1081 248 1309 291 commendo
1330 251 1398 290 tibi
1419 250 1644 291 Memenum

957 322 1000 347 ea
1019 307 1367 354 commendatione,
1397 322 1496 360 quae
1521 310 1645 362 potest

956 365 1030 405 effe
1061 363 1339 416 diligentillima
1375 375 1440 418 13,
1462 376 1526 417 51,
1546 377 1643 418 417.

956 422 1185 462 commendo
1207 423 1278 462 tibi
1302 435 1390 462 eum
1411 425 1560 474 penitus
1591 433 1643 460 at-

957 493 1032 533 que
1064 479 1174 520 trado
1217 490 1282 533 13,
1314 485 1495 533 53‚4t8.
1542 493 1646 518 com-

956 536 1092 576 menda
1123 550 1264 576 nomen
1303 549 1411 576 tuum
1448 539 1645 574 immorta-

955 592 1057 634 litati
1079 607 1143 644 10,
1169 606 1232 642 12,
1247 597 1344 641 286.
1372 593 1644 634 commendare

954 651 1122 705 aliquem
1146 650 1262 690 alicui
1284 664 1321 691 et
1343 651 1491 690 tradere
1512 661 1553 704 7,
1577 662 1647 704 17,

958 721 974 750 1
987 716 1052 757 88.
1094 709 1363 751 Commendare
1391 709 1646 749 monumentis

953 782 1015 806 res
1027 766 1163 822 gestas.
1211 766 1405 820 Cuperem
1441 778 1556 819 quam
1588 779 1645 805 ce·

953 822 1108 863 let-rime
1128 836 1188 862 res
1215 826 1359 862 nostras
1380 824 1642 863 monumentis

953 880 1214 920 commendari
1257 882 1332 919 tuis
1380 891 1417 932 5,
1449 890 1513 928 12,
1548 892 1644 934 119.

952 937 1211 977 commendari
1234 936 1484 991 sempiternae
1497 936 1646 986 gloriae

947 1009 1019 1050 per
1072 994 1240 1049 aliquem
1287 993 1512 1048 scriptorem
1551 993 1645 1035 ibzd.

1561 1062 1642 1094 121

896 1109 1183 1149 Commentario.
1240 1110 1349 1157 Qae
1367 1117 1494 1147 autem
1521 1109 1570 1147 in*
1588 1108 1644 1148 lu·

951 1168 1047 1212 stris,
1078 1178 1115 1205 et
1149 1166 1190 1203 in
1223 1167 1330 1212 vino,
1368 1167 1641 1205 commentatio

952 1223 1074 1277 potest
1121 1220 1193 1260 effe
1238 1233 1303 1269 12,
1324 1234 1364 1269 2,
1388 1225 1482 1275 346.
1543 1237 1648 1262 com,

951 1281 1135 1319 mentatio
1155 1278 1363 1318 caussarum
1421 1291 1461 1332 9,
1480 1284 1646 1328 20,262

899 1338 1152 1376 Committere
1174 1334 1333 1375 alicuius
1355 1337 1432 1375 viri
1446 1336 1535 1376 fidei
1555 1336 1643 1377 suos

955 1394 1113 1441 liberos,
1136 1393 1175 1432 id
1195 1394 1258 1441 est,
1278 1392 1382 1432 suam
1401 1392 1519 1433 filiam
1540 1406 1581 1445 4,
1606 1407 1645 1448 ς,

958 1458 1023 1500 88.
1062 1453 1299 1490 Committere
1329 1452 1496 1491 litteras.
1553 1453 1644 1490 Eius

954 1510 1103 1558 generis
1140 1521 1247 1546 meae
1276 1505 1427 1548 litterae
1462 1507 1569 1556 sunt,
1602 1518 1646 1549 vt

956 1580 1017 1605 eas
1037 1579 1116 1604 non
1135 1564 1295 1604 audeam
1311 1574 1454 1605 temere
1470 1567 1645 1605 commit-

954 1634 1036 1663 tere
1088 1633 1105 1662 1
1123 1649 1134 1669 ,
1187 1633 1238 1676 7,
1277 1634 1316 1676 9.
1401 1624 1644 1663 committere

953 1678 1147 1735 proelium
1201 1691 1275 1726 10„
1302 1691 1368 1733 33,
1400 1691 1494 1733 312.
1541 1694 1644 1719 com-

951 1739 1101 1777 mittere
1123 1734 1158 1774 se
1182 1738 1422 1786 nauigationi
1456 1746 1522 1776 aut
1554 1738 1643 1777 viae

955 1798 1020 1840 16.
1061 1804 1102 1844 4,
1147 1800 1243 1842 482.
1306 1795 1546 1833 committere
1606 1805 1644 1835 te

949 1849 1031 1890 noli
1051 1861 1127 1891 tam
1146 1849 1287 1900 longae
1313 1852 1576 1902 nauigationi,
1605 1861 1643 1892 et

934 1910 1038 1950 'viae
1059 1922 1128 1962 per
1144 1907 1321 1956 hiemem,
1352 1909 1436 1948 nisi.
1453 1909 1552 1948 bene
1568 1911 1644 1948 ‘fir-

950 1980 1057 2005 mum
1092 1968 1155 2012 16,
1177 1972 1216 2013 8,
1241 1971 1339 2017 485.
1402 1965 1643 2006 commissum

951 2023 1098 2063 facinus
1158 2034 1196 2075 3,
1227 2033 1292 2069 10,
1321 2033 1391 2076 71.
1448 2024 1644 2063 commiss'a

950 2083 1080 2120 omnia
1114 2078 1201 2119 sunt
1237 2093 1323 2118 mea
1363 2077 1473 2134 culpa
1506 2090 1572 2132 14,
1606 2091 1654 2134 1,.

1551 2149 1641 2191 434

892 2193 1108 2234 Commode
1146 2191 1287 2233 sentire
1327 2192 1374 2232 de
1407 2191 1540 2246 aliquo
1576 2199 1644 2242 11,

1466 2263 1536 2302 23,
1588 2255 1643 2304 36

892 2305 1130 2355 Commodes
1151 2308 1186 2347 ei
1208 2317 1355 2347 tantum
1386 2308 1453 2347 abs
1484 2320 1520 2346 te
1537 2318 1641 2361 peto,

950 2375 1137 2418 quantum
1174 2375 1238 2404 tua
1275 2365 1367 2404 fides
1400 2365 1642 2418 dignitasque

905 2437 908 2441 ⁴
947 2425 1114 2476 patietur
1146 2433 1209 2471 13,
1239 2433 1307 2474 37,
1328 2433 1424 2471 4¹1·
1478 2425 1643 2462 eommo-

947 2477 1182 2520 darenlicui.
1240 2480 1555 2531 Qibuscumque
1581 2492 1642 2518 re-

948 2537 1020 2577 bus
1041 2535 1074 2574 ei
1099 2537 1419 2583 commodaueris,
1449 2537 1520 2575 tibi
1550 2550 1642 2589 pro-

946 2590 1049 2632 fefto
1069 2595 1142 2631 erit
1159 2592 1382 2642 iucundum,
1410 2592 1507 2631 mihi
1536 2603 1640 2632 certe

944 2652 1019 2689 erit
1039 2661 1187 2698 gratum
1227 2662 1288 2703 13,
1313 2660 1376 2698 13,
1404 2662 1496 2702 392.
1538 2648 1637 2689 nihil

947 2708 1012 2754 est,
1030 2706 1135 2758 quod
1173 2710 1350 2760 cuiquam
1380 2707 1510 2760 pollini
1536 2720 1640 2746 com-

945 2763 1104 2802 modare
1135 2776 1175 2811 2,
1204 2776 1270 2815 17,
1293 2776 1361 2816 49.
1406 2777 1505 2816 quae
1537 2778 1639 2803 com-

944 2822 1103 2859 modare
1124 2824 1243 2874 potest
1267 2821 1464 2860 successori
1493 2819 1641 2860 amicis-

1546 2878 1638 2915 fimo
