1881 3173
13 1631 16 1635 ·
74 1664 83 1675 .-
115 1659 133 1663 ,,
155 1619 297 1667 cogites

593 109 664 150 ΙΝ
689 111 806 152 CIC.
843 111 1040 154 EPIST.
1068 111 1206 153 FAM.

115 212 247 257 violat
271 229 334 256 me
358 218 548 269 virginem
580 222 762 270 inuitam,
793 237 863 276 per
918 221 1090 263 Vlubrae

581 279 728 318 violare
747 280 861 319 alicu·

101 285 120 303 ν·
140 293 143 296 -
172 274 252 313 vim
272 286 312 326 9,
335 288 403 323 22,
426 281 521 329 265.

1436 221 1663 283 7‚18‚189

913 280 1134 320 vlubranus
1156 278 1321 335 populus
1445 296 1484 336 7,
1503 296 1566 332 12,
1585 294 1665 341 184

173 334 232 371 ius
253 333 567 373 existimationem
603 346 752 389 13‚73.
776 347 860 390 430
924 334 1065 392 Vzffls.
1121 337 1192 376 11¹0
1215 342 1237 376 ti
1270 341 1435 387 veneris,
1470 352 1664 395 tamquam

114 391 187 431 vir
214 392 382 444 optimus
412 402 450 431 et
481 392 599 432 homo
626 393 858 432 doctiffimus

654 463 693 497 2,
720 463 783 499 14,
802 464 859 503 44

111 518 259 565 virtus,
279 517 438 572 perditis
465 519 580 558 rebus
603 521 798 567 omnibus,
821 520 856 560 se

167 574 374 615 sustentare
403 578 524 630 potest
543 580 582 623 6,
608 589 644 624 1,
669 589 759 630 140:
800 580 856 617 ni·

97 636 103 641 ’
133 630 220 672 -hil
256 634 308 671 est
346 635 489 672 virtute
531 632 747 681 formofius,
784 646 852 674 etc.

98 699 103 703 “
163 701 206 744 9,
230 698 297 743 14,
316 700 412 742 251.
441 704 576 730 verum
594 690 706 731 decus
727 694 765 729 in
778 693 854 731 vir-

971 394 1132 442 Vlyt‘ses,
1148 395 1347 445 cognosces
1367 407 1522 437 tuorum
1545 402 1663 439 nemi·

974 465 1059 489 nem
1461 465 1493 501 1,
1519 467 1584 503 10,
1611 469 1662 509 29

917 508 976 547 Vn
992 518 1023 547 le
1042 511 1205 560 petitur.
1253 509 1456 558 Omnibus,
1475 515 1575 552 vnde
1598 528 1660 566 pe·

971 575 1076 605 tnui:
1103 566 1173 603 hoc
1200 564 1343 604 conhlii
1366 568 1549 613 dederim.
1576 584 1614 609 vt
1636 585 1659 611 a

964 621 1116 670 singulis
1158 624 1414 672 interregibus
1444 628 1552 665 binas
1594 628 1658 666 ad·

963 681 1185 717 vocationes
1206 681 1396 732 postulent
1439 692 1478 732 7,
1495 695 1512 724 1
1528 699 1559 731 ι,
1576 694 1656 734 132

97 756 103 762 '
162 755 246 786 tute
266 749 428 800 politum
457 749 528 787 est=
565 762 662 801 quae
692 751 855 787 maxime
906 750 1096 788 Vocamus
1126 762 1162 789 te
1197 750 1245 788 ad
1279 751 1400 790 nullas
1437 756 1654 796 inimicitias

97 808 104 824 ¹
144 801 374 844 'illustratur
401 807 545 854 magnis
577 808 616 844 in
644 805 853 859 rempubli-

98 869 102 876 ’
142 873 244 899 ¹tarn
263 863 409 900 meritis
433 873 498 909 10,
515 869 687 915 12,287.
719 865 850 902 omnia

99 928 104 936 “
145 915 304 959 'sunum
352 918 573 958 consecutus
619 933 657 958 es
707 921 850 959 virtute

147 973 269 1022 duce,
292 977 431 1015 comite
447 975 603 1015 fortuna
629 988 693 1023 10,
712 989 747 1029 3,
763 988 849 1030 274
897 993 900 996 ·

96 1044 190 1090 Vis.
248 1045 352 1096 Quid
375 1048 439 1094 est,
468 1046 574 1100 quod
603 1059 734 1087 contra
766 1050 847 1087 vim

96 1097 105 1103 ’
155 1104 234 1143 'fine
263 1105 298 1143 v'i
332 1105 415 1143 fieri
452 1103 562 1157 potiit
593 1114 654 1152 12,
691 1118 727 1155 3,
751 1117 845 1158 347.

158 1163 260 1200 vires
277 1172 314 1209 et
337 1174 474 1215 corpus
495 1162 597 1200 amisi
621 1172 664 1214 7,
679 1164 747 1208 26,
764 1173 845 1214 197

88 1213 188 1263 “Vita
211 1216 277 1270 sub
298 1217 573 1264 dominatione,
602 1217 739 1256 misem
776 1230 843 1265 10,

92 1279 95 1282 ’
162 1288 228 1328 31,
249 1281 343 1328 308.
369 1276 470 1314 vitae
480 1273 641 1313 satisfeci
662 1273 724 1313 vel
743 1284 843 1314 aeta-

89 1328 96 1333 ’
158 1342 209 1378 te,
229 1331 288 1372 vel
307 1331 430 1379 faftis,
454 1329 516 1377 vel
545 1332 590 1383 (fi
611 1330 704 1385 quid
727 1333 840 1371 etiam

90 1383 96 1390 ’
153 1390 228 1429 hoc
247 1389 292 1428 ad
312 1403 393 1428 rem
413 1389 599 1443 pertinet)
616 1387 754 1438 -gloria
779 1399 842 1437 10,

92 1448 95 1452 ’
161 1460 197 1494 1,
219 1458 311 1500 272.
360 1448 479 1485 vitam
513 1446 609 1484 mihi
640 1444 714 1484 effe
737 1460 838 1485 acer·

155 1505 245 1545 bam
270 1513 363 1557 puto
386 1514 422 1549 1,
442 1514 481 1557 4ι,
500 1515 537 1544 2.
577 1502 670 1555 quid
694 1504 840 1541 vanita-

156 1562 204 1601 tis
225 1562 265 1599 in
283 1562 362 1600 vita
388 1561 443 1607 fit,
472 1560 721 1599 non‘dubito‘
743 1561 838 1612 quin

677 1629 770 1670 2³72
785 1620 838 1669 36

74 1682 246 1731 ¹Vitium
277 1690 318 1728 in
348 1688 572 1743 parietibuS‚
602 1689 643 1727 in
672 1689 771 1728 tedio
803 1699 841 1740 9,

86 1747 90 1758 ²
175 1748 190 1753 ”
300 1747 304 1759 ²
672 1748 842 1807 15i254

102 1801 198 1844 Vit'o.
238 1804 411 1842 Vitemus
450 1799 584 1841 oculos
624 1801 840 1849 hominum,

155 1860 182 1898 fi
209 1858 356 1909 linguas
380 1862 504 1898 minus
529 1858 640 1898 facile
659 1859 839 1912 possimus

633 1928 674 1969 92
695 1929 734 1963 2,
755 1922 837 1968 238

97 1972 275 2013 Viuimus
307 1974 347 2011 in
377 1986 512 2022 magna
543 1973 666 2020 turba,
688 1986 838 2022 magna-

154 2031 279 2082 quein
291 2029 509 2069 confusione
520 2043 649 2075 rerum
661 2033 838 2076 omnium

69 2119 114 2139 ,h
153 2090 194 2134 6,
224 2089 264 2133 6,
295 2099 383 2139 ίςῐ.
438 2089 490 2127 ita
511 2088 659 2134 viuere,
695 2097 738 2132 vt
756 2101 837 2125 non

151 2144 194 2184 fit
224 2144 456 2190 vhrendum,
501 2143 755 2184 miserrimum
787 2145 838 2182 est

152 2203 192 2246 6,
218 2212 251 2252 3,
276 2212 369 2254 143.
398 2203 531 2240 viuere
552 2215 636 2240 cum
655 2203 749 2240 viris
771 2202 838 2240 bo·

153 2260 226 2303 nis,
266 2269 303 2296 et
333 2257 517 2306 iucundis,
553 2270 589 2297 et
620 2259 836 2297 amantibus

125 2321 130 2325 ’
153 2313 224 2361 sui,
239 2317 404 2368 pertinet
431 2315 477 2354 ad
495 2315 605 2354 beate
626 2314 837 2355 viuendum

153 2383 194 2425 9,
219 2384 288 2423 24,
315 2375 410 2420 268.
462 2374 594 2412 viuere
634 2371 842 2426 pulcherri-

127 2441 130 2444 ⁴
153 2442 259 2467 mum
285 2427 391 2467 duxit
412 2431 548 2469 Cicero
607 2441 647 2482 9,
669 2442 733 2482 17,
755 2441 839 2482 259

96 2490 316 2540 vlciscenda
339 2498 437 2547 sunt,
463 2514 560 2552 quae
590 2501 661 2540 tibi
699 2500 836 2539 accide
878 2518 882 2522 ²

154 2566 255 2603 runt,
280 2557 393 2596 ctiam
421 2559 445 2596 ss
476 2571 554 2596 non
582 2558 652 2597 fint
674 2557 838 2597 dolenda

599 2625 662 2660 12,
674 2627 741 2667 23,
759 2627 840 2668 370

100 2668 216 2710 Vltro
233 2670 421 2721 polliceri.
481 2671 622 2710 Omnia
654 2673 690 2710 ei
719 2682 755 2710 et
777 2685 840 2727 pe·

154 2726 250 2764 tenti
273 2728 420 2781 recepi,
452 2737 488 2767 et
527 2728 629 2768 vltro
645 2726 838 2781 pollicitus

154 2780 235 2821 sum
600 2796 841 2839 ¹0⁷2¹¹294

969 817 1034 851 11,
1054 816 1090 855 3,
1125 802 1209 859 459.
1245 812 1431 851 vocabule.
1463 812 1595 850 abien,
1614 816 1656 853 in

962 863 1149 902 inuidiam
1161 867 1246 903 etin
1261 867 1403 904 crimen
1430 880 1465 914 ς,
1486 881 1546 921 27,
1564 880 1656 923 129.

962 920 1001 958 in
1026 922 1205 959 omnibus
1229 923 1358 969 rebus,
1386 937 1484 976 quae
1515 939 1554 963 m
1586 930 1655 966 ali·

963 990 1075 1030 quam
1097 980 1394 1018 controuertiam
1409 994 1653 1032 vocarentur,

964 1045 999 1072 te
1035 1037 1183 1074 arbitro
1214 1047 1251 1074 et
1289 1036 1538 1090 disceptatore
1575 1051 1652 1080 vte-

958 1102 1093 1129 rentur
1128 1094 1270 1143 13,26,
1292 1104 1388 1145 402.
1444 1099 1574 1135 vocari
1601 1097 1652 1137 ad

959 1150 1103 1186 exitum
1128 1153 1227 1188 vitae·
1248 1152 1288 1194 6,
1306 1162 1346 1202 4,
1370 1162 1462 1204 145.
1520 1157 1652 1194 vocari

956 1205 999 1243 in
1047 1204 1205 1245 eandem
1245 1208 1507 1248 conditionem
1547 1217 1581 1259 8,
1606 1224 1649 1265 9,

1561 1280 1647 1311 222

899 1332 1079 1370 vocontii
1390 1347 1456 1384 10,
1477 1349 1546 1390 23,
1561 1346 1643 1391 298

899 1387 1144 1427 Volaterrani
1189 1390 1415 1444 municipes⁴
1448 1393 1589 1434 defensi
1622 1410 1645 1436 a

949 1447 1150 1492 Cicerone,
1170 1459 1255 1484 cum
1282 1449 1429 1488 tribuni
1449 1450 1571 1503 plebis
1593 1452 1646 1492 le-

952 1515 1036 1552 gem
1051 1502 1318 1554 iniquittimam
1334 1504 1380 1545 de
1391 1520 1527 1547 eorum
1544 1512 1645 1559 agi-js

954 1558 1252 1613 promulgassent
1318 1573 1336 1602 1
1349 1574 1384 1615 3,
1397 1576 1437 1617 4,
1454 1572 1544 1616 382.
1561 1573 1642 1618 383

897 1629 999 1671 Volo
1026 1628 1197 1682 ipsorum
1232 1631 1352 1672 caussa
1385 1634 1428 1687 ’9,
1460 1647 1524 1688 13,
1545 1619 1648 1690 249:

952 1685 1036 1727 vult
1090 1700 1322 1741 magnopere
1375 1693 1457 1730 eius
1519 1693 1642 1734 caussa

952 1745 1081 1784 omnia
1117 1754 1181 1794 13,
1210 1759 1280 1794 22,
1310 1759 1406 1801 400.
1460 1762 1530 1788 nec
1548 1763 1644 1792 vero

954 1812 1138 1855 quantum
1159 1816 1242 1841 mea
1271 1803 1392 1843 caussa
1415 1803 1510 1845 velis
1531 1805 1640 1847 dubi-

954 1870 995 1899 to
1018 1870 1084 1906 11,
1111 1868 1176 1911 17,
1199 1871 1292 1911 331.
1347 1860 1447 1901 velle
1479 1862 1639 1905 alicuius

951 1916 1072 1955 caussa
1099 1926 1136 1963 1,
1164 1927 1196 1962 1,
1215 1929 1253 1958 2.
1278 1927 1401 1971 7,17‚
1419 1925 1510 1968 188¹.
1540 1921 1639 1962 velle

949 1975 1078 2013 omnia
1116 1971 1276 2012 alicuius
1313 1974 1433 2014 cauffa
1468 1988 1533 2029 13,
1571 1991 1638 2034 55,

949 2041 1047 2083 419.
1077 2027 1177 2068 velle
1198 2032 1399 2079 omnium,
1415 2047 1514 2086 quos
1538 2048 1638 2074 com-

949 2085 1101 2134 mendo,
1120 2085 1239 2125 caussa
1261 2088 1383 2128 debeo
1400 2101 1651 2144 13,71,429-⁷

894 2156 1087 2199 Volumen
1135 2155 1291 2211 plenum
1331 2159 1510 2214 querelae
1567 2165 1642 2203 ini-

951 2215 1145 2268 quiffimae
1461 2229 1499 2272 3,
1519 2230 1562 2272 7,
1584 2224 1636 2264 61

894 2272 1124 2313 Volumnius
1143 2269 1364 2326 Eutrapelus
1421 2285 1462 2326 9,
1475 2279 1541 2318 26¹>
1554 2288 1642 2330 270

896 2328 1084 2370 Voluntas
1116 2327 1264 2368 senatus
1302 2341 1375 2382 pro
1409 2333 1639 2374 auctoritate

949 2386 1081 2426 haberi
1101 2384 1227 2432 debet,
1247 2399 1331 2424 cum
1352 2388 1641 2430 auetoritasim-

952 2441 1106 2498 peditur
1142 2453 1244 2481 metu
1276 2455 1339 2490 11,
1362 2453 1405 2496 7,
1430 2456 1523 2497 322.
1571 2462 1642 2488 vo-

952 2500 1097 2541 luntate
1136 2513 1179 2537 ac
1205 2498 1351 2538 iudicio
1383 2514 1470 2540 meo
1508 2513 1548 2556 9,
1569 2515 1640 2556 24,

949 2560 1046 2610 267.
1076 2555 1293 2596 voluntates
1313 2557 1445 2606 iustae,
1463 2570 1500 2598 et
1511 2561 1641 2601 officio

924 2624 926 2626 '
948 2611 1134 2661 incensae,
1153 2627 1233 2652 non
1251 2613 1397 2661 inanes,
1426 2625 1493 2656 aut
1523 2619 1641 2657 ambi-

951 2669 1067 2711 tiosae
1436 2675 1476 2719 6,
1498 2677 1534 2718 6»,
1554 2678 1638 2727 149

893 2727 1139 2781 Voluptatem
1185 2728 1304 2766 animi
1346 2729 1503 2769 nimiam
1543 2730 1640 2770 sum-

949 2798 1056 2825 mum
1078 2797 1252 2825 errorem
1273 2786 1387 2825 etiam
1415 2796 1511 2842 puto
1538 2801 1579 2834 2,
1599 2799 1640 2839 9,

1571 2856 1638 2898 392

1052 2962 1086 2983 f
