1881 3173
51 185 72 193 ‚-

435 120 518 161 11N
560 120 600 160 P.
637 118 918 161 MANVTH
953 121 1297 164 coMMENT.

51 271 53 275 Α
96 250 113 269 ³<
150 228 365 281 quaestoria
406 233 611 287 postrema
661 233 834 273 omnium

150 286 407 327 comitiorum·
441 286 550 330 fuere
580 292 674 342 506.
695 303 728 328 a.
774 302 837 328 co·

97 367 110 383 ,.,
149 343 350 383 mitiorum
391 345 465 390 trin
502 358 640 396 genera
675 357 767 388 112.
799 358 833 384 a·

93 426 99 434 .
149 399 302 438 comitia
324 401 566 454 protrudere,
595 414 666 442 etc.
689 415 745 456 70
754 414 783 442 2.
806 403 832 442 b

48 486 53 494 .
90 453 359 495 Comitialihus
387 457 525 501 diebus
558 460 694 500 haberi
729 459 827 498 sena·

148 521 207 551 tus
226 524 306 550 non
325 523 478 566 poterat
688 519 782 569 566.
804 517 829 556 b

85 579 366 625 Commendare
392 583 562 639 aliquem
595 585 643 626 de
669 584 829 625 meliore

145 649 238 678 nota
259 650 354 692 503.
367 640 403 681 b.
433 644 700 684 commendare
721 657 827 683 more

143 698 320 735 Romano
686 713 781 754 44¹.
803 701 826 739 b

88 753 435 795 commendaticiae
455 754 650 810 epistolae.
714 760 759 795 ln
778 758 826 795 iis

94 839 98 849 ,
141 811 307 865 primum
327 810 624 854 locumobtinet
653 812 713 852 vel
743 827 826 852 nar·

142 869 265 914 ratio,
302 868 362 905 vel
401 873 644 922 prooemium
677 877 769 924 814.
793 884 826 909 a.

143 924 543 966 commendandarum
611 927 826 968 litterarum

143 992 267 1036 partes
685 996 780 1038 575,
802 986 825 1023 b

87 1054 363 1095 commentarii
392 1054 459 1106 qui
480 1054 548 1094 sint
689 1068 782 1109 334.
804 1068 826 1093 a

88 1113 286 1150 Couunitti
303 1109 450 1163 aliquid
690 1115 783 1161 326.
803 1125 825 1150 a

88 1166 330 1208 commodare
348 1180 386 1209 et
401 1167 676 1209 incommodare
704 1182 825 1222 oppo-

142 1235 285 1263 nuntur
683 1237 781 1278 797.
802 1239 823 1263 a

84 1281 314 1324 Commodo.
345 1280 461 1328 Qtod
474 1281 680 1321 commodo
698 1285 823 1335 reipu-

139 1338 258 1379 blicae
277 1337 399 1376 facere
430 1338 539 1390 possis
710 1346 777 1387 28.
802 1353 822 1377 a

84 1395 345 1438 Commouere
365 1392 531 1446 aliquem
687 1398 771 1448 906
801 1408 822 1434 a

86 1454 303 1493 Conmmnes
322 1464 396 1498 res,
407 1464 492 1504 pro,
504 1449 676 1504 publicae
698 1455 820 1505 367.a

86 1507 349 1562 Comparandi
406 1508 589 1548 aduerbia
629 1511 821 1548 internum

89 1605 92 1609 ,
140 1567 368 1607 efficacitatis
391 1567 516 1603 minus
535 1566 688 1613 habent,
706 1580 820 1619 quam

140 1637 238 1677 quae
293 1621 510 1675 simpliciter
567 1626 821 1662 enunciantur

710 1693 776 1734 23.
797 1683 819 1720 b

82 1751 398 1803 Comparationes
409 1753 533 1804 poetis
555 1754 695 1804 petiuS,
708 1765 820 1803 quarn

138 1807 260 1848 soluta
277 1811 452 1849 oratione
467 1809 714 1849 scribentibus
733 1822 820 1847 con-

89 1893 93 1899 ·
137 1868 296 1904 veniunt
675 1877 767 1918 399.
793 1866 816 1903 b

82 1920 315 1976 Cotnpellari
679 1929 771 1974 588.
792 1924 815 1961 b

83 1981 383 2033 Compofitiones
408 1977 663 2028 gladiatorum
689 1985 778 2031 104.
795 1992 817 2017 a

83 2033 331 2090 Comprffm›
353 2033 418 2091 eſjb
449 2047 485 2074 ct
516 2049 674 2074 manc-‘re
701 2049 821 2090 oppo-

137 2104 282 2132 nuntur
669 2103 766 2145 752.
793 2093 818 2131 b

81 2151 219 2191 Conari
241 2160 282 2189 vt
311 2149 513 2204 vsurpetur
545 2152 636 2200 326.
657 2149 693 2189 b.
758 2164 819 2188 co-

136 2209 220 2246 nari
243 2205 387 2260 aliquid
681 2210 774 2255 268.
796 2220 818 2244 a

83 2264 306 2310 concedere
323 2264 470 2302 nemini
681 2276 777 2316 257.
796 2276 818 2302 a

85 2325 226 2368 Concio,
238 2335 286 2360 an
298 2322 432 2368 contio,
443 2318 680 2360 scribendum
693 2323 780 2374 176.
792 2322 818 2360 b

85 2382 330 2434 concoquere,
354 2377 633 2431 metaphoricos
689 2381 778 2430 617.
798 2391 821 2417 a

82 2449 298 2492 Condicere
690 2461 779 2502 123.
800 2462 823 2487 a

83 2507 276 2548 Confeffio
297 2503 429 2559 culpae
446 2506 609 2554 ingenua
631 2505 742 2548 fidem
768 2504 824 2545 fa-

141 2562 250 2602 cilius
261 2564 409 2601 inuenit
425 2564 464 2600 in
476 2561 558 2601 aliis
579 2563 693 2604 rebus
705 2574 789 2614 411.
801 2576 824 2601 a

87 2614 277 2672 Cvnfluere
295 2619 553 2674 metaphorice
683 2632 782 2673 722.
798 2621 825 2659 b

85 2677 337 2726 Congiarium
678 2689 771 2730 523.
800 2678 825 2716 b

62 2735 318 2775 *Conieotura
346 2743 383 2774 et
407 2732 596 2773 diuitiatio
629 2732 828 2787 quomodo

145 2789 322 2831 differant
723 2804 788 2845 52.
804 2791 830 2831 b

891 236 1106 275 Coniunua
1128 249 1212 276 mea
1239 235 1359 276 caussa
1390 250 1474 276 cum
1499 244 1562 274 tua
1581 236 1631 274 est

1490 305 1586 344 254·
1610 306 1631 330 a

890 350 1094 387 Connexio
1123 347 1355 388 diuersarum
1387 362 1514 388 rerum
1550 346 1630 387 vul-

944 418 1033 455 gare
1078 419 1157 444 non
1211 408 1373 460 requirit
1430 407 1626 453 ingenium

1487 469 1581 514 373·
1606 475 1626 500 ²¹

886 518 1144 559 Confiliarius.
1183 517 1292 557 Fides
1312 528 1349 558 et
1367 527 1475 557 amor
1500 532 1519 556 a
1540 532 1626 556 con-

942 576 1080 615 siliario
1107 574 1317 629 postulatur
1520 581 1584 624 30.
1603 589 1624 614 a

886 645 1107 686 Confllium-
1130 645 1323 700 publicum
1360 647 1464 685 orbis
1503 655 1624 686 terrae

941 707 1034 746 226.
1058 705 1092 745 b.
1146 702 1297 743 consilia
1324 705 1422 742 inire
1451 717 1533 741 cum
1555 702 1623 742 ali-

941 775 1019 814 quo
1480 766 1574 813 588.
1594 760 1618 800 b

882 830 1103 873 Consolatio
1127 831 1219 885 quid
1534 835 1618 884 267

882 887 1102 929 Consolatio
1124 903 1144 927 a
1166 891 1258 928 statu
1284 898 1499 941 temporum
1523 897 1618 939 342.

937 948 973 986 b.
1031 945 1239 985 consolatio
1280 944 1344 984 illa
1383 946 1526 994 gratior
1554 945 1619 990 cst,

937 1018 1035 1057 quae
1089 1017 1172 1041 cum
1219 1001 1329 1041 laude
1376 1002 1619 1050 coniungitur

939 1072 1002 1113 51.
1024 1061 1061 1099 b.
1106 1058 1403 1098 consolationem
1422 1057 1531 1097 affert
1553 1071 1618 1096 an-

937 1118 1077 1157 teaexae
1098 1118 1197 1156 vitae
1226 1115 1452 1155 conscientia
1476 1126 1568 1168 257.
1592 1114 1615 1154 b

881 1187 1081 1228 Consolor.
1110 1185 1367 1226 Consolantur
1382 1187 1454 1225 tria
1475 1197 1613 1237 277.a.

934 1244 982 1283 ad
1029 1241 1298 1283 consolandum
1351 1241 1443 1288 quid
1492 1241 1614 1280 valeat

1302 1312 1398 1352 257.
1419 1314 1451 1338 a.
1479 1301 1573 1344 268.
1592 1312 1613 1337 a

878 1360 1094 1399 Constantia
1135 1372 1155 1397 a
1184 1358 1368 1407 grauitate
1397 1367 1438 1396 vt
1466 1354 1616 1393 differat

1480 1423 1497 1452 1
1508 1424 1571 1464 59.
1592 1425 1614 1450 a

881 1487 1143 1537 ίόηβὲτιιεκηι,
1155 1486 1322 1524 nominis
1340 1485 1380 1524 in
1397 1485 1474 1523 vim
1493 1493 1612 1521 trans-

899 1580 901 1582 .
933 1547 1014 1582 iens
1467 1546 1562 1591 438.
1588 1542 1611 1579 b

876 1611 1018 1656 Consul
1041 1611 1174 1652 vltimo
1191 1612 1275 1651 loco
1300 1611 1388 1649 leffi
1406 1608 1610 1648 discumbe-

932 1673 997 1712 bat
1018 1673 1113 1722 671.
1137 1683 1170 1708 a.
1211 1667 1372 1707 consulis
1400 1668 1520 1705 maius
1540 1668 1611 1704 im·

929 1729 1091 1781 perium,
1129 1739 1242 1777 quam
1281 1726 1466 1778 praetoris
1495 1735 1556 1765 21-
1576 1736 1609 1762 a.

931 1781 1098 1823 consules
1118 1782 1270 1821 alternis
1290 1781 1473 1820 mensibus
1495 1778 1608 1817 fasces

931 1842 1120 1880 habebant
1164 1842 1230 1881 26.
1258 1839 1294 1878 b.
1344 1835 1511 1875 consules
1545 1834 1607 1874 vel

931 1898 1184 1937 sortiebantur
1198 1895 1426 1948 prmum-im,
1439 1891 1497 1931 vel
1511 1906 1611 1930 com-

931 1956 1114 2008 parabant
1128 1955 1226 1990 inter
1245 1950 1281 1990 se
1308 1962 1396 2004 133.
1417 1964 1448 1988 a.
1480 1948 1608 1988 consu-

928 2010 1008 2051 lum
1026 2008 1288 2049 iusiurandum
1475 2012 1567 2058 308.
1585 2019 1611 2049 a>

875 2080 1100 2123 Consulares
1123 2079 1344 2132 prouinciae
1364 2090 1460 2128 quae
1481 2079 1608 2128 569.a

875 2137 1102 2181 Consulatus
1130 2135 1284 2189 petendi
1313 2144 1458 2186 tempus
1489 2132 1610 2188 legiti-

931 2210 1036 2234 mum
1057 2206 1152 2247 700.
1176 2193 1211 2230 b.
1240 2193 1339 2229 inter
1359 2190 1454 2228 duos
1479 2188 1608 2228 consu-

928 2252 1024 2292 latus
1047 2252 1174 2291 decem
1202 2249 1293 2286 anni
1319 2247 1610 2300 interponeban-

928 2319 992 2349 tur
1425 2313 1432 2320 '
1478 2315 1573 2356 572.
1588 2316 1611 2343 a

875 2377 1084 2421 Consulere
1103 2375 1215 2415 alicui
1231 2385 1269 2414 et
1281 2372 1448 2426 aliquem
1465 2385 1560 2426 459.
1570 2374 1609 2414 b.

934 2433 1079 2477 consuli
1127 2433 1303 2472 dicuntur
1355 2428 1613 2469 iurisconsulti

1519 2484 1612 2527 ibid.

877 2560 1204 2615 Contemplationi
1253 2560 1388 2599 Cicero
1425 2557 1615 2597 aetionem

936 2619 1103 2673 praefert
1152 2626 1154 2628 ’
1471 2617 1566 2656 621.
1589 2614 1614 2652 b

883 2675 1132 2717 contendere
1485 2682 1576 2724 155.
1595 2682 1621 2715 a

886 2734 1079 2776 Consentio
1107 2731 1200 2788 plus.
1220 2733 1284 2781 est,
1305 2743 1430 2786 'quam
1457 2727 1621 2768 studium

979 2793 983 2798 ’
1510 2797 1533 2825 2
1545 2796 1574 2821 ·.
1599 2796 1622 2821 a

943 2849 977 2887 D
989 2845 1010 2886 d
1023 2845 1045 2885 d
1059 2844 1080 2884 d
1113 2857 1134 2897 3
1472 2806 1625 2880 Coxitm.
