1881 3173
580 61 802 125 misni
847 85 1141 125 MANVTII
1180 85 1384 138 mnex

259 196 353 235 bere
383 194 555 245 dignum,
583 195 643 232 cui
675 193 889 235 satisfacias⁴
914 203 952 245 8,

264 264 329 297 12,
352 260 448 303 228.
480 252 621 290 habere
642 249 789 302 aliquid
811 255 850 291 in
872 257 949 291 ani-

261 323 325 349 mo
353 321 418 357 10,
439 316 503 358 18,
518 320 614 360 291.
643 308 786 349 habere
805 308 950 363 aliquid

260 367 302 406 in
335 368 449 406 rebus
475 367 634 419 perditis
669 378 710 402 ac
745 366 950 419 desperatis

265 434 331 476 13,
347 427 412 476 56,
431 435 527 477 420.
554 422 696 460 habere
715 422 862 476 aliquid
885 425 935 462 sta

263 483 335 520 tuti
365 483 402 518 in
435 490 538 518 tanta
570 483 858 532 perturbatione
890 495 949 528 12,

262 549 332 590 25,
355 549 446 591 373.
473 536 613 574 habere
634 535 679 574 de
701 537 832 591 aliquo
855 539 950 576 lianc

262 606 327 633 aut
363 593 466 632 illam
503 594 729 646 opinionem
782 606 847 643 ΙΙ,
882 602 949 644 28,

265 662 358 704 341.
399 650 539 690 habere
575 651 734 691 eandem
774 651 875 704 spem
903 653 950 691 de

260 721 344 746 mea
365 720 450 756 erga
474 718 509 746 te
538 706 736 748 voluntate
767 722 802 760 3,
823 723 859 757 2,
885 722 949 763 54.

260 764 402 804 habere
423 763 549 803 faciles
570 764 693 805 aditus
714 766 761 804 ad
780 765 948 819 aliquem

262 833 328 875 13,
353 828 418 873 58,
438 834 533 873 421.
578 823 718 864 habere
743 822 854 862 fidem
889 825 948 862 <le-

258 878 323 917 bet
344 880 469 917 nostra
487 879 698 931 praediefio
729 884 769 926 6,
793 883 830 928 6,
857 893 950 934 149·

258 934 401 974 habere
424 937 581 988 impiam
601 938 849 991 cupiditatem
865 953 950 977 con-

259 1001 315 1031 tra
342 991 498 1031 salutem
524 994 621 1033 bene
653 996 700 1034 de
734 996 845 1034 nobis
876 1010 952 1033 uie-

260 1051 425 1089 ritorum
459 1057 494 1098 8,
518 1053 582 1097 16,
603 1064 701 1105 234.
736 1053 877 1092 habere
907 1054 947 1090 in

258 1107 449 1154 manibus,
481 1105 627 1154 fouere,
655 1107 814 1148 osculari
848 1121 941 1160 1,.9‚

261 1170 326 1212 18.
358 1165 497 1203 habere
527 1165 567 1202 in
602 1164 790 1218 sumptum
817 1178 855 1218 9,
878 1179 946 1211 20,

256 1223 356 1263 262.
395 1221 535 1259 habere
570 1236 750 1271 magnum
776 1226 946 1261 animum

258 1276 373 1316 debes
407 1289 469 1323 11,
491 1290 558 1330 23,
583 1283 677 1332 336.
720 1281 861 1319 habere
889 1294 945 1319 ra-

257 1335 403 1374 tionem
427 1343 466 1373 vt
490 1335 625 1386 pollis,
652 1349 730 1389 quo
763 1336 850 1376 loco
883 1351 943 1375 me

256 1389 358 1430 salua
391 1388 470 1438 lege
506 1390 686 1431 Cornelia
735 1397 942 1432 conuenias

258 1458 298 1499 3,
319 1450 355 1494 6,
369 1451 435 1489 61.
469 1447 608 1488 habere
628 1448 663 1488 se
684 1453 853 1499 grauiter
877 1462 942 1497 10,

261 1516 326 1556 17,
363 1516 459 1556 290.
525 1505 675 1547 Habere
715 1506 942 1559 sollicitum.

257 1561 393 1600 Caeiar
415 1561 557 1599 <liutius
579 1561 677 1602 velle
699 1564 853 1603 videtur
877 1578 943 1604 eos

255 1618 399 1657 habere
445 1616 640 1666 sollicitos,
678 1635 700 1660 a
740 1623 878 1674 quibus
908 1620 944 1659 se

255 1686 364 1729 putat
410 1673 718 1716 diuturnioribus
757 1677 943 1717 molestiis

256 1731 329 1771 effe
377 1733 633 1772 conflieiatum
691 1734 732 1781 6,
763 1747 826 1787 13,
850 1738 943 1777 161.

255 1790 397 1828 habere
428 1787 528 1842 spem
560 1789 727 1844 aliquam
756 1793 795 1830 in
826 1793 943 1831 mani-

258 1847 329 1887 bus
367 1858 414 1886 ιο
450 1852 486 1893 8,
508 1857 604 1899 279.
660 1847 829 1888 hahuisse
865 1848 943 1888 lau-

256 1911 340 1943 tum
372 1901 532 1942 alicuius
560 1906 615 1943 rei
644 1907 785 1944 exitum
816 1913 852 1954 8.
879 1918 941 1958 13,

256 1973 354 2013 229.
384 1959 602 2000 habiturum
621 1972 657 2002 te
678 1962 794 2002 video
822 1963 941 2002 studia

256 2015 555 2056 innumerabilia
725 2033 761 2074 3,
791 2032 856 2065 10,
885 2031 938 2072 71

199 2090 344 2128 Haeres
383 2088 477 2127 mihi
504 2090 545 2127 in
572 2088 749 2129 medullis
787 2104 853 2144 ις,
877 2091 943 2138 16,

255 2155 352 2197 473.
383 2144 539 2185 haerere
561 2160 639 2185 non
662 2149 784 2201 potest
799 2151 839 2186 in
865 2159 943 2189 tam

255 2202 359 2241 bona
387 2200 508 2241 cauffa
535 2213 571 2242 et
602 2214 678 2242 tam
713 2206 827 2244 bonis
852 2209 945 2246 ciui-

256 2257 329 2298 bus
368 2268 445 2299 tarn
480 2261 616 2299 acerba
665 2262 809 2302 iniuria
841 2267 868 2307 6
907 2274 945 2314 5,

862 2323 946 2374 146

200 2383 430 2436 Haesitatio.
459 2385 553 2426 Noli
576 2387 774 2440 ignoscere
792 2391 945 2435 haefita-

257 2443 355 2481 tioni
385 2457 491 2483 meae
538 2470 545 2474 κ
739 2460 775 2501 3,
803 2459 943 2503 12‚*77

199 2496 315 2536 Hales
337 2498 425 2538 vide
446 2497 573 2541 Heles.
616 2510 621 2513 ’

199 2570 466 2620 Hammonius,
494 2572 593 2621 regis
619 2572 866 2614 Alexandrini
891 2575 941 2616 le·

258 2637 364 2674 gatus
801 2643 838 2678 I,
862 2644 896 2677 1,
917 2648 939 2676 2

201 2696 501 2745 Harrgljiict'nmn
542 2698 681 2743 facere.
766 2705 844 2750 Qii
876 2705 940 2743 ha-

255 2753 485 2806 ruspicinam
521 2754 711 2805 facerent,
757 2759 798 2798 in
836 2759 940 2801 sena-

1066 208 1148 237 tum
1179 201 1324 239 Romae
1362 197 1587 250 legebantur
1615 205 1656 250 6,
1686 210 1754 252 18,

1672 263 1750 314 165

1009 314 1121 350 Hasta
1140 311 1307 352 Caesaris
1333 312 1483 353 refrixit
1535 327 1574 367 9,
1596 328 1655 360 ιο,
1671 328 1752 369 ²⁴⁶7

1009 370 1132 408 Hane.
1162 369 1420 423 simulatque
1456 372 1551 410 haue
1573 374 1667 411 mihi
1698 372 1754 411 di-

1063 427 1128 474 xit,
1146 437 1213 471 etc,
1524 435 1561 477 8,
1581 433 1646 476 16,
1671 441 1754 483 234

1006 486 1148 522 Hauris
1169 484 1259 520 haec
1281 495 1325 520 ex
1347 482 1480 522 iisdem
1501 484 1686 534 fontibus,
1707 501 1752 527 ex

1061 542 1200 592 quibus
1213 538 1290 591 ipse
1304 538 1498 579 hauseram
1524 553 1590 586 10,
1604 554 1641 593 3,
1654 556 1752 598 274,

1061 598 1216 636 haurire
1228 595 1357 634 laudes
1374 595 1454 635 suas
1478 603 1611 647 eodem
1632 601 1751 650 fonte,

1064 669 1085 694 e
1105 667 1183 708 quo
1204 654 1245 692 sit
1277 655 1360 706 quis
1390 651 1527 695 leuiter
1556 656 1751 710 adspersus

1543 717 1581 760 6,
1597 717 1644 776 >6,
1667 727 1749 770 149

1006 781 1134 821 Hebes
1154 780 1202 818 ad
1220 779 1273 827 id,
1303 781 1408 833 quod
1439 781 1575 822 melius
1603 777 1668 833 iit,
1693 789 1751 825 in-

1066 837 1311 886 telligendum
1537 847 1574 889 8,
1593 855 1604 882 Ι
1619 854 1654 894 3,
1668 855 1750 896 229

1006 894 1278 948 He&01·.apud
1300 896 1492 936 Naeuium
1524 902 1750 953 1526,463.

1064 954 1210 991 He&0r
1231 953 1453 991 Naeuianus
1527 966 1564 1006 5,
1593 966 1749 1000 12122

1003 1008 1147 1052 ‘H3vv35ie
1178 1020 1215 1048 et
1242 1015 1433 1056 ἀταραξίαν
1462 1011 1619 1058 virtute,
1647 1014 1751 1053 iusti-
1807 1017 1822 1025 χ

1061 1069 1124 1110 tia,
1155 1063 1208 1113 τῷ
1233 1064 1326 1112 καλῷ
1355 1069 1503 1119 parari,
1532 1078 1569 1109 et
1599 1083 1748 1119 verum,
1784 1100 1787 1105 ,

1061 1134 1098 1162 et
1122 1122 1323 1177 probabile
1347 1125 1394 1163 est
1481 1135 1546 1177 15,
1571 1138 1636 1178 19,
1660 1131 1750 1181 476

1003 1193 1118 1233 Heles
1139 1193 1281 1234 nobilis
1311 1196 1432 1234 amnis
1528 1206 1569 1249 7,
1583 1208 1650 1244 20,
1667 1210 1744 1251 191
1773 1241 1783 1257 K

1004 1250 1201 1291 Heluellae
1507 1263 1550 1305 7,
1571 1258 1639 1300 26,
1667 1267 1749 1310 197
1768 1283 1773 1286 >

1002 1308 1290 1348 Herculanensis
1318 1307 1459 1348 fundus
1518 1322 1557 1361 9,
1578 1323 1643 1363 25,
1661 1316 1748 1363 269

1001 1365 1184 1406 Hercules
1206 1366 1499 1418 Xenophontius
1532 1379 1568 1419 ς,
1585 1380 1649 1415 12,
1670 1381 1747 1411 520

1000 1424 1122 1460 Heres
1162 1436 1207 1461 ex
1242 1433 1348 1476 parte
1386 1422 1542 1462 dimidia
1574 1436 1611 1462 et
1635 1428 1747 1464 tertia

1061 1490 1126 1530 13,
1174 1491 1243 1530 29,
1285 1490 1382 1532 407.
1433 1480 1541 1518 heres
1584 1483 1748 1535 poliitn'e

1059 1534 1166 1589 quod
1197 1535 1342 1574 furtum
1372 1548 1482 1575 antea
1517 1535 1659 1577 saetam
1691 1541 1747 1587 fit,

1056 1594 1158 1632 reete
1177 1591 1270 1632 furti
1290 1596 1427 1641 agere?
1508 1604 1550 1646 7,
1570 1606 1639 1639 22,
1664 1607 1745 1649 192
1762 1604 1774 1623 ’-’

1001 1649 1225 1689 Herodotus
1271 1649 1572 1690 Themistoclem
1617 1650 1747 1694 laudat

1508 1721 1546 1761 ς,
1576 1720 1638 1756 12,
1663 1721 1739 1753 121

1000 1780 1139 1819 Hieme.
1180 1777 1323 1818 summa
1358 1781 1555 1831 nauigauit
1591 1794 1663 1833 pro
1695 1781 1748 1821 sa-

1057 1835 1137 1875 lute
1158 1850 1241 1876 mea
1503 1848 1521 1878 1
1533 1849 1568 1889 3,
1580 1841 1646 1884 60,
1659 1851 1745 1892 422

999 1895 1311 1948 Hipponaeieum
1329 1895 1580 1948 praeconium
1611 1905 1652 1949 7,
1673 1909 1744 1951 24,

1663 1965 1682 1995 I

1000 2005 1219 2045 HIrtianuin
1239 2008 1300 2045 ius
1515 2020 1555 2061 9,
1577 2015 1637 2056 ¹8,
1658 1965 1745 2051 2Ξὲ

1000 2063 1152 2102 Hirtius
1186 2076 1248 2109 11,
1282 2075 1318 2110 1,
1343 2065 1435 2115 316.
1486 2064 1630 2103 tardius
1655 2079 1761 2108 (οη--

1057 2119 1210 2159 valescit
1234 2132 1298 2167 12,
1321 2133 1387 2166 22,
1414 2123 1491 2174 369
1566 2136 1650 2162 cum
1680 2137 1743 2162 co-

1056 2178 1235 2217 hortibus
1265 2179 1455 2217 veteranis
1491 2180 1627 2228 viginti
1658 2179 1744 2220 red-

1058 2236 1165 2274 eunti
1191 2237 1362 2275 Antonio
1383 2236 1422 2273 in
1451 2233 1513 2275 sua
1546 2238 1659 2276 castra
1680 2252 1742 2276 oc-

1056 2293 1187 2338 currit,
1236 2294 1440 2344 copiasque
1488 2307 1621 2332 omnes
1660 2298 1763 2335 eius*

1058 2346 1199 2388 deleuit
1226 2359 1288 2394 10,
1313 2361 1377 2401 30,
1401 2359 1480 2401 307
1555 2352 1671 2404 periit
1699 2354 1740 2392 in

1054 2403 1207 2459 proelio
1230 2406 1282 2444 ad
1321 2408 1507 2446 Mutinam
1556 2418 1621 2453 11,
1672 2418 1739 2459 13,

1059 2472 1151 2515 327.
1183 2464 1351 2501 Hirtium
1380 2473 1416 2501 et
1436 2463 1590 2503 Pansam
1611 2463 1739 2504 alieno

1056 2527 1228 2570 tempore
1249 2521 1436 2560 amisimus
1497 2532 1561 2567 12,
1576 2534 1644 2573 ῖς,
1658 2533 1741 2577 374

998 2589 1191 2642 Hispaniis
1215 2592 1376 2638 animis,
1409 2605 1520 2644 quam
1549 2591 1650 2644 spem
1676 2594 1739 2629 ha-

1054 2647 1166 2686 beant
1188 2649 1426 2701 Pompefflni,
1448 2648 1574 2688 nescio
1605 2655 1641 2696 8,
1670 2652 1737 2697 16,

993 2759 1248 2814 Hispaniensis
1271 2760 1370 2800 casus
