1881 3173
622 68 846 108 PAVLLI
882 70 1171 110 MANVTII
1208 67 1404 112 INDEX

245 175 374 215 Castra
396 175 438 213 in
460 169 649 223 'Lycaonia
680 180 782 234 apud
811 183 986 220 Iconium

301 232 442 272 faceret
466 244 531 289 15,
552 250 593 290 4,
611 241 708 290 456.
741 240 855 277 castra
877 241 985 277 moni

259 342 264 347 ς
301 302 337 345 3·
354 292 391 337 6,
414 292 481 333 61.
506 296 620 334 castra
639 296 748 334 moui
768 308 811 334 ex
830 309 877 334 eo
898 294 985 334 loco

770 364 984 406 15‚2,454

241 416 356 456 Casus
371 427 408 457 et
430 429 567 463 natura
586 421 626 459 in
649 420 984 461 bonis'dominan-

298 486 360 514 tur
386 489 432 527 4,
463 490 530 524 12,
549 484 617 530 98.
667 478 770 518 casus
801 481 985 519 mirificus

298 532 454 586 quidam
497 537 708 575 interuenit
739 547 778 590 7,
814 549 852 590 5,
893 544 984 590 178.

294 597 417 630 calum
448 606 690 634 communem
730 603 767 632 et
797 595 986 633 incertum

295 660 365 684 net
402 651 526 688 vitare
566 651 770 702 quisquam
799 652 985 698 nostrum,

291 717 419 756 neque
438 708 626 762 praestare
645 706 726 746 vllo
757 710 869 761 paelo
901 719 984 762 pot·

292 761 344 799 est
761 776 978 819 5217,129

234 833 364 872 Catius
402 830 563 872 Insuber
595 836 804 888 Epicureus
835 836 980 890 speeira

287 887 465 942 appellat,
486 904 583 942 quae
595 894 837 933 Democritus
856 896 980 933 εἴδωλα

294 957 360 999 15,
386 951 448 995 16,
472 961 569 1001 472.
611 951 712 989 Catii
741 961 778 992 et
800 953 980 1006 Amafinii

289 1004 383 1044 mali
411 1007 622 1046 verborum
653 1009 882 1064 interpretes
918 1022 980 1065 ις,

808 1078 869 1121 ¹9²
894 1070 981 1120 476

232 1130 335 1179 Cato
357 1134 539 1174 Ciceroni
573 1134 887 1191 supplicationem
918 1137 981 1177 de·

292 1193 414 1231 creuit
434 1206 514 1230 non
544 1205 584 1233 vt
612 1192 755 1240 multis,
783 1194 979 1249 republica

291 1247 390 1287 bene
437 1251 557 1297 gesta,
607 1249 668 1289 sed
718 1263 759 1290 vt
811 1254 979 1300 nemini,

291 1303 487 1356 republica
512 1305 732 1347 conseruata
758 1321 818 1362 15,
835 1320 981 1364 4,459.

292 1362 390 1404 Cato
411 1408 414 1409 ⁷
438 1364 620 1403 Ciceroni
666 1363 985 1418 supplicationem

292 1432 372 1458 non
403 1419 572 1459 decreuit
596 1432 660 1475 15.
687 1435 723 1476 5,
742 1425 839 1473 462·
887 1425 984 1464 Cato

293 1474 343 1514 de
372 1479 558 1516 Cicerone
586 1478 799 1519 honorifice
819 1478 984 1528 locutus,

292 1535 329 1573 ei
363 1533 657 1588 supplicationes
702 1550 782 1575 non
815 1536 985 1578 decrerat

297 1596 334 1639 8,
362 1605 375 1631 ι
391 1604 424 1639 ι,
443 1603 538 1648 225.
570 1594 667 1633 Cato
690 1592 882 1649 praeclare
902 1609 987 1650 per-

293 1648 340 1688 iit
677 1657 679 1659 “
764 1663 804 1705 9,
827 1655 985 1701 18‚260

237 1712 398 1758 Catonis
427 1717 573 1760 nefaria
595 1721 856 1776 promulgatio
891 1734 924 1768 1,
947 1737 985 1778 ς,

293 1787 334 1830 7.
373 1777 525 1817 irritaui
553 1780 593 1819 in
627 1794 688 1819 me
728 1782 914 1820 Catonem
948 1787 984 1830 8,

827 1841 986 1892 17,236

768 1919 795 1963 9
821 1913 991 1965 222265,

240 1977 394 2017 Cauere
422 1976 613 2030 aliquibus
632 1990 674 2033 7,
694 1984 735 2029 6,
758 1994 852 2036 179.
908 1984 989 2022 Me-

299 2030 373 2072 lius
391 2035 428 2074 ei
451 2049 585 2077 cauere
615 2037 730 2087 volo,
764 2053 879 2094 quam
907 2038 988 2093 ipse

300 2089 385 2131 aliis
413 2091 508 2132 solet
833 2106 872 2148 3,
887 2107 921 2144 1,
936 2110 990 2151 54

245 2174 381 2215 cauffa
423 2179 546 2217 tenuis
579 2190 617 2219 et
640 2182 776 2234 inops,
811 2196 879 2221 nec
906 2181 992 2222 scri-

301 2235 436 2289 ptione
457 2249 689 2291 magnopere
717 2240 898 2293 digna²9,
924 2250 990 2288 12,

302 2301 400 2344 249.
441 2292 599 2333 caussam
645 2298 885 2349 praecipuam
926 2297 990 2336 ha-

301 2349 396 2388 bent
435 2348 480 2387 ad
509 2353 567 2391 ius
598 2350 705 2392 suum
737 2354 990 2394 obtinendum

309 2417 375 2457 13,
405 2418 449 2457 4,
487 2416 577 2461 382.
637 2411 788 2451 Debere
832 2410 991 2451 alicuius

307 2462 427 2502 causs'a
443 2471 578 2521 3‚7,63
613 2469 637 2508 si
649 2468 740 2523 quid
753 2471 879 2508 nostra
895 2468 992 2509 caus·

310 2519 348 2561 sa
371 2521 428 2560 vis
453 2535 488 2577 ς,
504 2535 568 2579 14,
596 2538 697 2576 125„
715 2525 813 2566 velle
833 2525 992 2566 alicuius

309 2578 426 2619 caussa
452 2593 481 2627 1,
497 2593 583 2630 1,2.
615 2583 743 2623 causae
768 2584 992 2632 iinstitlinnae,

308 2646 450 2691 tuaque
472 2650 507 2678 et
528 2643 756 2682 aneton-itate
775 2653 810 2681 et
829 2641 992 2695 pruden-

309 2695 360 2732 tia
385 2694 616 2743 dignissimae
635 2713 672 2748 4,
692 2712 731 2750 4,
755 2706 820 2753 85.
852 2697 991 2739 caussas

310 2753 441 2804 capitis
472 2766 536 2797 aut
555 2755 676 2797 famae
706 2760 851 2808 agimus
880 2771 991 2799 orna·

240 1902 386 1953 Cauda,
410 1906 518 1958 penis

1096 185 1172 222 tius
1195 195 1233 238 9,
1253 194 1320 229 21,
1343 187 1438 236 263.
1493 183 1632 224 caussas
1656 186 1784 239 priua·

1097 248 1154 277 tas
1177 254 1214 279 et
1244 255 1305 279 eas
1334 250 1464 280 tenues
1495 244 1643 291 agimus
1669 241 1784 281 subti-

1098 295 1172 334 lius
1691 297 1785 340 ibid.

1043 354 1190 394 Cautio.
1221 356 1330 403 Quae
1365 357 1581 395 cautionem
1605 369 1685 394 non
1721 356 1783 395 ha-

1096 411 1253 457 bebunt,
1277 412 1324 451 de
1351 414 1398 452 iis
1420 427 1499 452 non
1528 415 1581 453 ita
1602 411 1713 451 valde
1735 411 1786 451 la-

1095 468 1196 507 boro
1533 480 1594 516 11,
1615 480 1784 524 2=.‚335¹

1041 523 1199 571 Cautus,
1219 538 1294 563 um.
1334 529 1384 564 Vt
1401 536 1437 565 et
1458 527 1552 565 mihi
1575 538 1612 565 et
1635 529 1782 580 populo

1097 593 1248 620 cautum
1266 582 1308 620 fit
1325 583 1587 623 fineveeturae
1608 582 1782 637 periculo

1093 650 1133 680 2,
1157 640 1223 690 17¹,
1244 651 1297 692 49
1352 642 1501 679 cautior
1518 642 1559 679 in
1581 655 1622 679 re
1645 639 1783 680 milita-

1096 695 1145 743 ri,
1182 709 1295 749 quam
1325 698 1367 736 in
1398 696 1714 737 aduocationibus
1741 709 1784 750 7,

1610 766 1675 801 10,
1700 761 1782 803 182

1035 819 1182 861 Cedere
1205 822 1347 876 pudori
1370 835 1407 864 et
1427 824 1553 865 famae
1577 837 1783 880 723,175.

1093 878 1228 917 cedere
1248 885 1412 935 tempori
1445 897 1484 937 4,
1509 890 1545 931 8,
1568 896 1634 936 94.
1661 884 1703 922 T
1707 897 1784 921 em-

1093 938 1181 990 pori
1211 937 1367 983 cedere,
1411 941 1450 980 id
1490 941 1550 988 est,
1580 939 1786 980 neceffitati

1093 1007 1240 1046 parere,
1261 994 1407 1049 semper
1432 997 1609 1051 sapientis
1643 998 1694 1036 est
1713 998 1786 1036 'ha-

1093 1051 1216 1091 bitum
1234 1068 1275 1105 4,
1297 1066 1337 1107 9,
1361 1067 1430 1109 95.
1474 1053 1608 1095 cedere
1637 1064 1786 1107 tempo-

1093 1109 1200 1148 ribus
1552 1122 1617 1158 12,
1641 1123 1679 1158 1,
1702 1123 1784 1166 345

1037 1180 1180 1220 Celare,
1210 1177 1336 1219 Baffus
1381 1182 1509 1220 noster
1539 1198 1601 1223 me
1636 1182 1683 1222 de
1709 1183 1784 1224 hoe

1093 1235 1196 1276 libro
1230 1235 1377 1286 celauit·
1398 1250 1439 1285 7,
1462 1253 1528 1288 20,
1554 1252 1644 1293 192.
1689 1240 1783 1280 cela-

1094 1304 1154 1334 tus
1175 1307 1213 1333 es
1233 1292 1383 1335 asi-atre
1404 1295 1451 1337 de
1473 1299 1647 1338 maximis
1668 1300 1794 1341 rebus„

1575 1368 1613 1408 5,
1634 1368 1675 1402 2,
1701 1368 1782 1408 107

1039 1405 1253 1447 Celebritas
1283 1405 1359 1446 loci
1573 1423 1636 1463 14,
1653 1424 1687 1460 1,
1701 1415 1784 1464 436

1041 1466 1146 1504 Cena
1187 1465 1379 1514 auguralis
1414 1475 1456 1518 7,
1476 1470 1546 1514 26,
1572 1480 1661 1521 197.
1727 1483 1785 1509 ce-

1099 1536 1188 1561 nam
1219 1535 1404 1574 quaerere
1432 1536 1452 1560 a
1492 1539 1602 1564 mane
1638 1538 1677 1579 9,
1714 1529 1786 1574 26,

1097 1591 1197 1632 271.
1255 1590 1292 1619 te
1313 1579 1361 1618 ad
1395 1593 1504 1620 cenas
1533 1582 1629 1622 itare
1659 1582 1786 1624 defiffe

1097 1634 1255 1676 moleste
1295 1636 1401 1676 fero:
1450 1652 1585 1688 magna
1617 1640 1719 1680 enim
1748 1651 1787 1681 te

1100 1692 1353 1735 delectatione
1394 1703 1432 1732 et
1471 1695 1669 1750 voluptate
1709 1699 1788 1752 pri·

1097 1752 1191 1791 vasti
1210 1763 1251 1805 9,
1273 1764 1342 1807 24,
1364 1754 1461 1801 268.
1519 1767 1629 1795 cenas
1661 1753 1787 1795 facere

1509 1818 1515 1820 ’
1693 1811 1786 1852 ibid.

1552 1876 1594 1921 72
1620 1871 1685 1918 16»
1707 1872 1790 1918 186

1042 1867 1220 1905 Cenitare
1239 1864 1336 1907 foris

1044 1937 1249 1978 Centurias
1277 1937 1451 1992 equitum
1485 1948 1592 1979 tenes
1630 1952 1694 1989 11,
1721 1944 1787 1990 16,
1839 1973 1843 1976 ,
1880 1980 1881 1989 ,

1707 2009 1783 2053 33¹

1045 2054 1173 2092 Cerno
1208 2053 1285 2091 iam
1304 2052 1449 2101 animo,
1480 2062 1624 2107 quanto
1658 2056 1789 2095 omnia

1100 2111 1281 2149 vberiora
1329 2120 1366 2149 et
1413 2113 1612 2151 ornatiora
1645 2111 1788 2152 vfutura

1103 2167 1173 2206 sint
1198 2179 1234 2219 ς,
1263 2179 1328 2214 12,
1356 2177 1442 2221 ¹19.
1489 2182 1645 2208 cernere
1678 2169 1788 2209 here·

1101 2223 1256 2263 (litatem
1274 2236 1314 2278 9,
1341 2234 1406 2280 14,
1431 2238 1528 2281 251.
1581 2236 1790 2266 cernuntur

1103 2279 1225 2321 oculis
1549 2294 1607 2328 10,
1627 2295 1688 2337 19,
1702 2294 1787 2337 293

1048 2353 1260 2392 Certamen.
1286 2352 1448 2392 Nullum
1469 2365 1657 2394 certamen
1681 2368 1788 2409 prae·

1103 2411 1365 2459 termitterem,
1376 2414 1416 2451 in
1435 2427 1513 2467 quo
1523 2412 1597 2452 illis
1614 2410 1787 2463 prodess‘e

1104 2466 1246 2522 poffem
1579 2480 1691 2521 134,
1708 2473 1786 2523 333

1049 2525 1203 2563 certare
1233 2523 1278 2562 ad
1312 2523 1434 2563 officia
1464 2524 1605 2566 summa
1635 2537 1789 2565 conten-

1105 2583 1211 2621 tione
1237 2593 1302 2629 10,
1325 2589 1360 2630 8.
1382 2590 1476 2631 281.
1531 2596 1673 2624 certare
1707 2582 1790 2623 offi-

1101 2641 1168 2678 ciis
1190 2652 1228 2693 7,
1255 2650 1320 2691 31,
1340 2651 1438 2682 201.
1465 2641 1686 2682 certandum
1709 2654 1790 2680 non

1105 2698 1155 2738 est
1178 2697 1322 2739 viribus
1343 2711 1428 2738 cum
1447 2698 1724 2740 valentioribus
1746 2710 1773 2752 9

1623 2760 1792 2810 16,256

1641 2814 1790 2858 Certus.
