1881 3173
263 249 460 291 Coleorum
485 252 677 294 vocabulo
700 254 786 294 vsus
811 258 861 296 est
887 256 1003 297 Labe-

264 308 356 354 rius,
378 308 480 361 apud
500 312 685 350 Nonium.

317 363 507 418 Suppeclit,
515 368 720 423 flagitium
747 367 816 423 est]
889 370 1001 416 Quia,

261 433 348 458 curu
378 422 587 462 deducatur
610 439 631 463 a
656 424 771 477 pedo,
810 426 1000 473 fignificat,

244 477 447 531 crepitum
469 482 613 519 ventris
637 484 823 520 emittere.

315 534 405 574 Non
424 536 685 587 reprehendes]
731 539 831 586 Qiia
854 535 999 580 valetu-

256 589 357 630 dinis
386 595 506 641 gratia
537 594 616 632 itur
647 593 695 631 ad
727 593 930 634 balneum:
960 604 998 633 et

255 646 359 695 ideo,
382 651 423 687 in
452 649 590 689 balneo
621 650 785 702 pedere,
814 651 998 700 flagitium

253 718 334 743 non
359 706 421 743 est.

312 761 439 800 Habes
449 761 619 811 fhbolam
645 762 827 816 Stoicam]
883 766 992 812 Qiae

249 830 274 856 a
291 817 422 856 Stoicis
440 820 482 857 in
507 819 633 860 schola
653 820 906 875 disputantur.

301 887 353 928 ‘O
405 897 510 935 eneae,-
547 891 825 940 ἐυᾶυβὲημονεῖσει
876 901 989 930 ERN.

255 943 466 992 εὐθυρῥιῖμων
492 947 571 1001 ἔσῃ]
630 951 784 1003 Sapiens
813 950 915 988 reete
935 947 992 987 lo-

247 1003 386 1055 queris,
400 1006 542 1056 opinor
564 1017 698 1046 contra
718 1005 881 1046 scholam
893 1007 989 1044 Stoi·

244 1072 327 1097 cam
368 1059 442 1098 hoc
480 1060 563 1101 effe.
590 1073 632 1102 vt
657 1063 798 1104 dixerit
826 1065 986 1103 Cicero:

243 1115 361 1161 Stoici
417 1115 612 1170 superiora
663 1120 729 1160 illa
776 1118 986 1173 disputant:

239 1173 338 1212 mihi
356 1184 481 1213 autem
504 1176 577 1215 hoc
598 1177 764 1226 videtur,
779 1177 987 1231 sapientem

238 1231 295 1268 ita
327 1228 437 1283 loqui
467 1231 627 1281 debere,
647 1245 689 1274 vt
713 1235 984 1275 obscenitatem

238 1287 359 1325 vitet:
387 1289 490 1339 quod
511 1303 581 1339 ego
601 1290 716 1340 facio,
737 1291 905 1332 Platonis
920 1304 983 1330 ve-

236 1342 458 1385 recundiam
479 1346 644 1388 seruans,

291 1401 356 1440 Ex
378 1416 452 1441 vno
474 1403 585 1444 verbo
604 1403 697 1462 tuo]
753 1407 854 1456 Qia
875 1407 982 1457 Papi-

231 1458 316 1498 sius
344 1457 386 1495 in
407 1459 563 1513 epistola
590 1460 656 1501 sua
681 1465 891 1504 mentulam
912 1476 980 1502 no-

231 1515 411 1563 minarat,
433 1530 478 1555 ex
505 1531 552 1556 eo
585 1519 707 1558 verbo
743 1521 977 1559 occafionem

231 1572 482 1623 exponendae
522 1576 738 1616 Stoicorum
771 1576 976 1617 sententiae

230 1626 280 1666 de
300 1626 477 1670 libertate
499 1629 685 1685 loquendi
703 1635 851 1674 Ci'cero
879 1633 974 1673 sum-

226 1685 309 1739 psit.

287 1741 493 1793 Aduetjfits
511 1743 587 1798 me]
616 1747 759 1785 Leuius
781 1747 845 1793 est,
861 1760 977 1800 quam

226 1809 375 1839 contra.
404 1813 506 1848 nam,
536 1814 686 1851 comra,
715 1803 879 1842 nocendi
909 1818 976 1843 vo-

223 1853 415 1895 iuntatem
427 1857 610 1898 ostendit:
642 1858 838 1908 aduersus,
858 1863 975 1900 inter·

225 1910 318 1951 dum
346 1915 397 1951 est
427 1915 504 1966 fine
534 1919 737 1970 contraria,
767 1916 829 1956 vel
858 1920 972 1956 etiam

222 1982 312 2008 cum
332 1969 436 2008 bona
450 1966 684 2024 '‘voluntate.
722 1973 807 2012 Lib.
832 1985 895 2015 12.
923 1975 970 2013 ad

220 2027 336 2080 Attic.
372 2029 527 2080 epist.3.
561 2030 682 2070 Vnum
708 2042 748 2071 te
772 2033 866 2082 pu'to
903 2033 971 2071 rm‘-

217 2085 295 2123 mis
339 2082 524 2137 blandum
540 2083 620 2138 effi’,
649 2101 767 2144 quarn
800 2104 883 2130 me:
918 2099 969 2136 et,

205 2139 261 2193 fi
285 2150 445 2194 vterque
470 2142 635 2196 nqstrum
670 2144 722 2198 est
759 2147 969 2199 aliquando

219 2197 405 2247 aduetjfits
431 2197 609 2251 aliquem,
640 2202 746 2241 inter
773 2216 838 2242 nos
866 2216 967 2245 certe

217 2266 429 2308 numquam
456 2255 606 2306 ficmus.
688 2260 894 2300 Terentius
923 2264 964 2301 in

217 2310 337 2349 Andr.
361 2312 441 2350 A&
460 2322 492 2351 1.
520 2311 566 2352 sc.
586 2325 617 2355 1.
645 2328 682 2353 v.
698 2326 763 2366 15.
790 2315 791 2318 ’

274 2366 328 2408 Et
355 2367 403 2407 id
417 2380 583 2424 gratum
610 2370 726 2425 fuisse
759 2370 964 2426 aduersum

376 2435 429 2472 te,
444 2423 561 2467 habeo
572 2429 760 2484 gratiam.
791 2472 797 2475 ,

476 139 704 181 PAVLLI
732 144 1025 184 MANVTH
1052 145 1565 192 COMMENTARIVS

1060 258 1176 304 Qod
1200 260 1254 298 ait
1285 262 1457 303 Donatus
1485 263 1580 312 effe,
1606 263 1721 316 penbs'
1744 277 1795 311 te.

1044 314 1103 351 >Et
1120 314 1215 355 illud
1236 319 1404 359 eiusdem
1433 322 1475 360 in
1503 321 1634 361 eadem
1666 323 1795 367 fabula

1057 372 1137 410 A&
1154 384 1188 414 1.
1207 372 1252 414 sc.
1268 386 1304 427 5.
1342 392 1378 417 v.
1395 389 1459 430 30.

1108 443 1185 483 Sed
1198 459 1299 485 nunc
1321 459 1481 501 peropus
1499 448 1565 503 cst,
1602 462 1674 491 aut
1697 450 1794 493 hunc

1221 515 1307 541 cum
1315 505 1396 555 ipsa
1405 535 1417 551 ‚
1427 518 1497 544 aut
1508 521 1563 545 me
1576 507 1729 562 aliquid
1745 507 1795 560 de

1215 558 1292 598 illa
1306 559 1514 612 'aduerficm
1547 563 1643 603 hunc
1676 565 1792 620 loqui.

1053 624 1260 679 aduerfitm
1289 643 1362 683 pro
1390 631 1498 684 apud
1519 631 1591 672 effe
1617 635 1791 687 positum,

1051 683 1155 724 idem
1172 688 1345 726 Donatus
1364 691 1555 741 opinatur.
1767 689 1776 697 ’

1102 755 1274 810 Audere]
1304 749 1346 798 Et
1365 759 1439 799 hoc
1454 758 1606 809 indicat,
1635 747 1787 804 Cicero.-

1046 815 1087 852 ni
1110 829 1189 854 non
1211 814 1358 868 placere
1389 815 1603 858 libertatem
1628 818 1789 874 loquen-

1047 870 1098 910 di.
1129 871 1234 925 quod
1256 868 1502 926 sequentibiis
1520 889 1677 929 quoque
1707 882 1789 920 vet'-

1046 929 1105 968 bis
1129 928 1350 969 declaratur.

1097 1002 1272 1041 Platonis
1293 1001 1578 1057 verecundiam]
1661 1009 1787 1056 Qiam

1043 1055 1118 1096 suis
1140 1060 1182 1096 in
1202 1057 1347 1113 scriptis
1368 1058 1477 1101 Plato
1496 1059 1675 1104 seruauit.

1100 1130 1231 1169 Etiam
1253 1133 1440 1184 crepitus]
1527 1135 1621 1175 Non
1665 1133 1784 1193 modo

1044 1188 1175 1227 verba.

1095 1272 1314 1331 Honorem]
1358 1276 1513 1317 Habere
1532 1275 1656 1319 voluit

1093 1345 1282 1387 Kalendis
1299 1347 1484 1402 Martiis]
1529 1352 1653 1399 Qiem
1676 1363 1783 1404 prae-

1038 1403 1150 1456 cipue
1166 1403 1268 1443 diem
1287 1416 1494 1454 matronas,
1522 1409 1665 1445 Iunoni
1685 1407 1783 1446 dica-

1036 1470 1134 1509 tum,
1152 1475 1237 1503 cum
1255 1460 1443 1512 religione
1462 1462 1627 1512 coluiffe,
1640 1463 1778 1519 scripfit

1034 1518 1257 1558 Macrobius
1306 1518 1373 1559 lib.
1387 1532 1416 1559 1.
1463 1522 1611 1561 Saturn.
1657 1536 1687 1563 c.
1710 1534 1774 1577 15.

1033 1577 1135 1614 Hinc
1158 1574 1311 1616 Plautus
1329 1579 1371 1616 in
1384 1576 1510 1618 Milite
1528 1580 1609 1619 Aet.
1625 1591 1660 1633 3.
1682 1579 1728 1619 sc.
1740 1591 1776 1620 1.

1030 1645 1068 1671 v.
1097 1643 1166 1688 97.

1096 1742 1147 1755 —
1177 1720 1248 1760 Da
1297 1721 1417 1770 mihi,
1457 1723 1550 1771 vir,
1586 1722 1776 1765 Kalendis

1189 1792 1300 1834 'quae
1318 1781 1484 1827 mittam,
1497 1793 1583 1821 cum
1592 1781 1775 1823 Martiae
1833 1830 1836 1832 ¹

1203 1838 1380 1877 venerint
1388 1852 1403 1874 .·

1031 1934 1144 1973 quem
1165 1921 1316 1961 versum
1338 1922 1414 1962 fine
1447 1921 1566 1963 caussa
1595 1925 1770 1967 immuta-

1027 1989 1119 2017 runt
1146 1980 1271 2030 postea
1299 1978 1541 2033 impressbres
1571 1983 1767 2039 transalpi-

1027 2036 1081 2082 ni,
1105 2035 1179 2075 hoc
1205 2035 1344 2075 inodo:

1083 2142 1135 2151 —
1167 2122 1248 2170 Da,
1270 2124 1325 2162 mi
1343 2125 1418 2170 vir,
1433 2124 1620 2166 Kalendis
1640 2141 1766 2168 meam

1192 2178 1297 2234 quod
1311 2193 1476 2221 matrem
1494 2184 1648 2224 iuuerit.

1023 2263 1187 2303 Ouidius
1207 2264 1272 2304 lib.
1290 2278 1323 2319 3.
1345 2268 1435 2306 Fast.
1457 2282 1493 2306 v.
1507 2280 1602 2321 229.
1624 2280 1661 2309 et
1681 2271 1762 2310 Ser-

1021 2321 1106 2360 vius
1122 2323 1161 2360 in
1184 2324 1332 2373 Virgilii
1350 2322 1411 2362 lib
1427 2331 1462 2372 8.
1486 2327 1579 2365 Aen.
1608 2341 1643 2366 v.
1665 2326 1760 2378 638,

1020 2391 1088 2416 cur
1108 2377 1292 2418 Kalendas
1311 2383 1464 2420 Martias
1483 2393 1679 2423 matronae
1699 2397 1760 2424 co·

1018 2432 1154 2483 lerent,
1175 2436 1335 2477 causs'am
1356 2451 1562 2492 exponunt.

683 2557 1105 2604 EPISTOLAE
1149 2568 1288 2605 XXIII.

607 2646 1351 2701 ARGVMENTVM.

341 2735 605 2780 praenunciat
642 2740 765 2783 Paeto
802 2745 1012 2787 aduentum
1035 2749 1152 2799 fiwm
1165 2765 1179 2787 :
1214 2765 1444 2807 quamquam
1483 2757 1585 2795 enim
1625 2756 1750 2797 andie-

207 2791 267 2834 rit
292 2803 377 2834 euin
390 2790 551 2845 pedihus
589 2794 794 2850 laborare,
816 2804 864 2855 se
891 2815 1022 2844 tamen
1050 2816 1194 2858 putare
1222 2812 1294 2855 ait,
1323 2823 1450 2850 cocum
1474 2813 1581 2853 illius
1608 2816 1751 2854 articu-

1672 2872 1752 2911 lari
