1881 3173
48 2469 59 2475 -.
129 2460 151 2489 g
174 2444 380 2494 repetitum

458 107 528 149 IN
554 109 592 149 P.
630 110 920 151 MANVTII
949 110 1290 151 COMMENT.

158 213 414 270 epistolarum
436 215 574 265 sermo,
602 228 639 258 et
659 233 756 272 quae
775 218 853 258 sen-

172 274 312 312 tentiae
334 273 396 315 16.
422 272 459 314 b.
513 275 756 328 epistolarum
790 289 852 327 ge-

171 342 262 369 nera
288 341 350 383 13.
367 343 399 369 a,
429 332 467 369 in
487 331 729 384 epistolarum
753 328 850 372 clau-

172 384 250 427 sula
280 385 373 426 solet
405 387 682 428 excusationem
712 390 850 429 Cicero

169 441 336 496 aliquam
357 441 506 492 afferre,
518 444 579 484 vel
598 449 686 499 quia
699 447 850 496 longior

150 498 300 551 suerit,
321 498 381 539 vel
402 502 490 554 quia
511 499 671 542 liberior
697 507 736 543 in
766 503 849 543 scri-

167 555 296 597 bendo
318 569 414 610 429.
439 559 474 597 b.
503 559 677 612 epistolas
699 563 849 600 (icero-

167 615 227 654 nis
248 617 400 668 patroni
418 613 473 654 sui
495 617 599 656 Tiro
629 616 736 656 facile
759 616 849 665 alio,

167 683 283 724 quam
312 665 390 724 q'uo
420 671 549 725 passim
580 673 759 725 leguntur
788 689 850 714 or·

168 727 257 768 dine
277 727 480 784 collocauit
767 738 845 785 833

111 802 234 856 Eques
254 801 446 840 Romanus
471 815 551 842 non
572 813 665 851 erat,
696 804 764 856 qui
785 817 849 841 an-

125 886 130 895 .
169 855 304 897 nulum
350 872 511 898 aureum
556 874 636 899 non
692 861 848 900 haberet

141 923 145 957 J
168 924 266 968 715.
291 913 328 953 b.
392 918 539 967 equites
576 919 738 956 Romani
779 918 848 970 qui

170 971 387 1010 dicerentur
406 972 500 1025 576.
529 987 561 1014 a.
593 977 738 1028 equites
756 989 777 1013 a
797 973 853 1017 se-,

167 1038 260 1068 natu
296 1027 450 1068 alienati
489 1043 560 1084 77.
586 1046 618 1070 a.
678 1034 850 1084 equitum

168 1085 246 1125 duo
279 1099 417 1135 genera
450 1089 490 1125 in
517 1090 682 1128 exercitu
703 1101 796 1141 204.
817 1102 850 1126 a.

168 1143 315 1196 equites
342 1141 547 1194 auxiliarii,
578 1145 707 1194 alarii,
735 1145 852 1194 legio-

759 1200 852 1241 ibid·

114 1272 301 1326 Equestris
313 1269 440 1310 census
451 1274 478 1314 6
483 1284 503 1325 3
511 1273 585 1324 3.b.
598 1274 778 1326 equestris
790 1286 851 1311 or-

170 1329 269 1368 dinis
290 1327 450 1377 dignitas
472 1333 564 1381 576.
585 1343 618 1368 a.
669 1331 848 1382 equestris

125 1405 130 1410 ·
172 1384 271 1426 ordo
288 1387 328 1423 in
348 1385 511 1433 theatro,
533 1385 615 1436 lege
635 1387 779 1434 Roscia,
799 1385 851 1425 sc·

124 1444 129 1451 “
163 1443 333 1497 ‘paratim
349 1443 387 1480 in
407 1444 506 1482 XIV.
526 1446 707 1497 proximis
731 1443 851 1493 gradi-

122 1506 129 1512 ·
169 1502 242 1540 bus
269 1497 421 1538 sedebat
713 1513 811 1554 715.
829 1514 851 1538 a

109 1555 241 1609 ‘Equus
276 1557 478 1595 Troianus
516 1555 709 1606 tragoedia
748 1558 851 1597 Liuii

124 1622 129 1634 ·
170 1612 380 1654 Andronici
707 1614 804 1668 426.
830 1628 852 1654 a

111 1687 227 1738 Equis
249 1685 356 1731 viris,
374 1696 413 1724 et
440 1687 546 1738 equis
576 1684 671 1724 velis
711 1685 806 1738 623.
829 1700 850 1725 a

115 1745 263 1784 Errare.
290 1744 466 1797 Turpius
490 1745 542 1783 est
571 1742 706 1798 decipi,
737 1757 852 1795 quam

127 1795 132 1802 ’
175 1813 302 1840 errare
715 1800 809 1854 695.
831 1815 852 1840 a

118 1857 328 1909 Erumpere
351 1857 474 1896 afflue
714 1870 733 1908 5
742 1869 808 1911 95.
831 1873 852 1898 a

117 1913 199 1955 Effe
221 1912 334 1953 alicui
353 1915 481 1952 onmia
503 1928 587 1954 cum
603 1913 735 1968 aliquo
753 1922 852 1970 787.

175 1972 213 2010 b.
244 1968 315 2009 effe
331 1972 370 2009 in
401 1971 513 2012 bonis
719 1976 811 2021 816.
831 1974 854 2013 b

116 2027 336 2069 Essedorum
358 2026 443 2067 vsus

125 1235 127 1238 .
169 1201 269 1239 narii

709 2029 806 2084 446·
831 2032 855 2071 b'

117 2102 177 2147 Et,
197 2098 376 2152 sequente
402 2114 490 2140 nec:
543 2110 597 2148 vt,
620 2112 658 2140 et
679 2102 755 2154 ipse
772 2102 858 2154 spe-

128 2197 134 2203 ‚
174 2159 295 2203 ruric,
317 2169 383 2196 nec
402 2172 467 2215 ego
487 2156 702 2200 dubitarim
725 2167 816 2207 800.
830 2159 855 2198 b

117 2214 256 2253 Etesiae
277 2215 382 2252 venti
716 2223 808 2269 187.
830 2216 856 2256 b

116 2272 237 2311 Etiam
256 2280 376 2323 atque>
398 2273 511 2310 etiam
716 2276 808 2326 164.
831 2273 855 2312 b

119 2327 216 2380 Egfi,
236 2339 369 2379 quater
390 2329 429 2366 in
451 2330 583 2382 primis
612 2329 788 2384 epistolae
808 2330 856 2370 ad

126 2423 130 2429 ,
172 2387 423 2438 Torquatum
459 2388 857 2440 comprehensionibus

656 2455 663 2459 ⁸
720 2456 813 2496 372.
833 2444 858 2483 b

121 2500 268 2542 Euentu
294 2501 482 2551 posterior
501 2501 552 2538 est
571 2502 691 2539 exitus
721 2513 814 2554 377.
837 2515 858 2540 a

122 2556 276 2595 Eunt-ati
296 2555 432 2596 milites
452 2567 591 2609 219.a.
622 2560 770 2597 euocati
790 2560 859 2597 mi-

177 2609 261 2650 lites
283 2627 368 2666 pars
397 2624 504 2652 erant
521 2614 688 2653 cohortis
708 2625 857 2668 praetor

175 2670 257 2707 riae
715 2683 813 2724 707.
837 2685 858 2710 a

121 2727 328 2779 Euphrates
374 2726 527 2780 imperii
588 2729 750 2767 Romani
810 2727 860 2768 ad

178 2783 377 2822 Orientem
399 2785 582 2824 terminus
602 2782 675 2823 fuit
722 2796 812 2837 195.
836 2799 857 2824 a

907 220 1098 275 Euripidis
1142 224 1298 263 maioris
1345 223 1461 265 altera
1505 226 1646 268 Medea
1668 221 1670 224 ’

963 278 1176 328 tragoedia,
1208 281 1370 318 minoris
1405 281 1521 322 altera
1553 286 1646 324 item

965 334 1100 374 Medea
1121 336 1362 376 existimanda
1386 340 1436 378 est
1503 348 1598 392 448.
1619 340 1646 379 b

908 395 959 432 Ex
980 402 1066 431 ante
1090 392 1188 438 diem
1210 388 1313 434 Non.
1337 395 1420 434 Iun.
1510 401 1601 451 565.
1621 411 1645 436 ει

907 452 1106 498 Exagimre
1529 466 1592 507 34.
1615 453 1642 493 b

907 521 1091 560 Exn-deo.
1143 522 1293 574 Ermjsi
1324 522 1553 572 iracundia,
1585 523 1645 563 vel

961 577 1118 618 dolore:
1157 579 1302 631 oxarstt
1335 580 1553 628 irae-mulia,
1581 580 1645 622 vel

960 634 1068 674 dolor
1082 652 1095 671 .·
1121 637 1264 687 exarsi,
1285 635 1457 677 absolute
1505 650 1596 681 121.
1617 638 1644 678 b

905 708 1079 751 Exarere,
1111 708 1390 760 metaphoricis
1503 716 1597 762 508.
1622 723 1646 748 a

905 765 1037 803 Exaro.
1066 766 1239 812 Exararc,
1261 766 1310 804 cst
1322 767 1461 819 raptim
1482 765 1645 806 scribere

1501 834 1598 876 773·
1618 823 1645 862 b

904 893 1072 931 Excitare
1514 906 1606 936 100.
1619 895 1653 942 b,

905 949 1123 989 Exhaurire
1159 959 1196 988 et
1230 950 1501 1003 transfundere
1529 963 1646 993 meta-

961 1007 1150 1060 phoricae,
1172 1009 1341 1060 opposita
1505 1015 1600 1065 634.
1620 1024 1643 1049 a

908 1063 1092 1102 Exhedria
1224 1075 1226 1077 ’
1499 1074 1553 1122 48
1562 1082 1596 1122 5.
1616 1067 1644 1108 b

909 1136 1152 1174 Existimatio.
1226 1137 1397 1184 Dignitas
1443 1137 1526 1191 plns
1579 1140 1645 1186 est,

963 1205 1077 1243 quam
1113 1191 1337 1231 existimatio
1502 1199 1596 1247 836.
1622 1209 1647 1234 a

906 1248 1033 1286 Exitus
1052 1256 1192 1286 euentu
1213 1250 1401 1300 posterior
1422 1253 1474 1291 est
1507 1262 1601 1305 377.
1621 1266 1644 1292 a

904 1304 1097 1358 Explicare
1126 1302 1271 1356 aliquid
1503 1315 1596 1363 849.
1618 1309 1644 1349 b

904 1374 1135 1429 Expreffum,
1153 1385 1192 1414 et
1211 1374 1357 1418 illustre
1534 1383 1600 1433 67.
1617 1379 1644 1420 b

906 1435 1094 1486 Exputare
1256 1473 1261 1477 ⁴
1503 1446 1600 1489 700.
1618 1437 1649 1477 b

908 1489 1104 1542 Essquilina
1125 1488 1246 1528 tribus
1503 1496 1596 1546 560.
1619 1494 1646 1534 b

909 1546 1062 1588 Exfilire
1089 1544 1227 1595 gaudio
1502 1561 1599 1603 903.
1618 1551 1647 1590 b

907 1600 1126 1658 Exspefiiare
1147 1600 1233 1656 plus
1261 1604 1325 1651 est,
1352 1617 1465 1658 quam
1494 1606 1646 1660 sperare

908 1730 1102 1774 Exsulibus
1143 1732 1322 1770 Romanis
1359 1734 1402 1773 in
1438 1676 1652 1775 foeiigti}

967 1788 1184 1835 ciuitatibus
1204 1801 1274 1842 per
1295 1787 1398 1839 leges
1417 1788 1556 1832 licebat
1572 1791 1646 1832 effe

1503 1861 1597 1903 522.
1618 1849 1646 1889 b

911 1916 1100 1958 Exsulium
1121 1915 1213 1970 quid
1501 1924 1598 1974 436.
1620 1920 1647 1960 b

913 1974 1136 2028 Extispicina
1157 1984 1195 2013 et
1213 1974 1450 2030 haruspicina
1480 1989 1578 2017 artes
1604 1991 1648 2016 re

969 2046 1059 2070 vera
1080 2046 1158 2070 non
1176 2029 1262 2071 sunt
1510 2044 1607 2087 415.
1625 2046 1650 2073 a

914 2088 1154 2130 Exulceratae
1174 2100 1234 2128 res
1545 2090 1615 2144 34.
1627 2104 1650 2131 a

1255 2203 1299 2242 F.

914 2311 1094 2414 Faber.
1125 2313 1237 2354 Fabri
1255 2313 1298 2353 in
1320 2315 1487 2356 exercitu
1517 2326 1614 2358 221.
1629 2329 1653 2354 a

1018 2373 1131 2412 Fabia
1155 2371 1278 2411 tribus
1513 2376 1607 2425 560.
1627 2372 1654 2412 b

914 2430 1023 2470 Fabii
1051 2428 1150 2475 vnde
1171 2428 1264 2467 ditffi
1521 2440 1617 2483 215.
1631 2442 1656 2468 a

914 2485 1037 2526 Facile
1056 2487 1182 2539 patior
1205 2496 1295 2536 125.
1308 2497 1344 2526 a.
1373 2484 1448 2524 hoc
1467 2483 1656 2539 loquendi

973 2556 1110 2593 genere
1155 2555 1278 2593 neque
1316 2539 1480 2589 laetitia,
1528 2556 1656 2596 neque

972 2595 1141 2639 ni'olestia
1162 2598 1387 2648 fignificatur
1413 2609 1506 2651 317.
1526 2598 1565 2638 b·
1589 2598 1658 2652 fa-

969 2656 1123 2704 cilllrne,
1142 2669 1213 2709 pro
1239 2652 1406 2714 libenter
1519 2661 1611 2707 189,
1631 2655 1658 2695 b

915 2729 1083 2770 Facinus
1114 2726 1290 2777 grauius,
1338 2738 1452 2779 quam
1482 2724 1655 2784 *dedecus

1516 2794 1612 2835 234.
1636 2797 1658 2821 a

1532 2841 1657 2879 bacio.

974 2839 1113 2881 Dddd
1146 2853 1167 2893 5
