1881 3173
221 119 303 168 928

223 223 386 266 diuidit.
409 229 543 267 Liuius
563 231 677 268 etiam
689 228 755 269 lib.
774 236 840 282 38.
859 243 967 282 c.45.

224 286 292 323 vbi
312 283 486 336 loquitur
507 286 553 325 de
583 289 652 325 Cn.
683 289 855 333 Manlio,
881 300 986 339 pro-v

218 351 281 393 pe,
301 343 439 392 inquit,
460 343 549 394 ipsis
584 344 683 395 iugis
714 343 769 383 ad
795 343 970 383 diuortia

225 413 417 452 aqam-um
455 399 581 452 castra
617 397 792 454 qumſjb:
835 400 874 438 id
906 402 970 447 est,

226 456 273 494 ad
307 471 392 493 eum
423 456 572 502 locum,
601 460 702 495 vnde
729 470 851 509 aquae
879 456 970 496 duas

224 514 264 550 in
286 527 409 566 partes
448 513 590 551 diuisae
619 515 809 567 incipiunt
834 513 973 553 deflue-

225 584 282 609 rea
311 584 330 607 a
369 584 446 621 qno
468 573 587 617 igitur
624 570 711 609 ioco
746 585 789 609 ex
822 575 970 610 Amano

226 640 356 666 monte
378 626 551 665 Ciliciam
573 626 702 665 versus
732 641 853 680 aquae
870 628 972 667 dela—

224 685 428 729 benantur‚
459 685 503 721 ad
526 698 612 722 eum
634 686 969 738 vsquelocumCi·

226 740 311 780 licia
333 741 557 792 pertinebat.
589 752 625 779 et
644 756 688 780 ex
718 741 836 781 altera
863 757 971 781 mon·

227 800 273 836 tis
298 809 415 850 parte,
445 799 574 836 eadem
596 800 744 852 Syriae,
773 814 890 852 quam
912 801 971 839 Bi-

224 853 339 895 bulus
373 856 550 903 regebat,
581 867 662 895 erat
691 858 804 896 ratio.
842 859 971 896 termi-

225 926 318 951 num
342 913 441 949 enim
461 913 625 951 habebat
645 927 731 951 eum
752 912 971 961 locum,vn-

226 969 273 1008 de
296 969 339 1006 in‘
357 983 438 1007 eam
451 982 495 1008 ex
510 975 656 1009 Amano
667 970 835 1010 defluere
848 983 970 1024 aquae

224 1027 471 1080 incipiebant.

381 1109 693 1151 EPISTOLA
730 1114 817 1154 X11.

286 1184 516 1239 „qumquam
520 1182 580 1236 us]
650 1182 813 1225 Dffluni'
833 1187 976 1239 opinor

227 1239 454 1279 ‘nominandi
484 1242 626 1292 potius,
662 1257 799 1295 quam,
827 1257 868 1282 xt
890 1241 974 1282 Flo-

228 1299 373 1336 rentini
395 1296 653 1346 crediderunt,
679 1302 889 1349 generandi
918 1314 973 1338 ca-

227 1353 282 1393 su.
314 1369 401 1392 nam
419 1356 515 1392 hanc
534 1369 667 1394 vocem
696 1368 843 1396 tantum
874 1356 972 1395 mul-

227 1413 403 1451 titudinis
434 1425 596 1451 numero
631 1416 789 1452 memini
821 1429 882 1453 me
922 1414 974 1452 le-

226 1467 328 1517 giss'e.
416 1471 530 1507 Forte
578 1471 692 1508 etiam
729 1470 804 1520 legi
851 1471 973 1524 possit,

229 1526 547 1582 Qtinquatribus
565 1539 580 1563 .·
643 1537 686 1566 Vt
736 1527 973 1578 inrelhgamr

227 1587 321 1630 dies,
341 1597 420 1636 quo
439 1584 560 1632 gestae
577 1581 663 1624 sunt
683 1598 755 1634 res,
787 1600 866 1624 non
892 1599 970 1638 quo

225 1638 382 1680 allatae:
433 1651 519 1679 cum
570 1640 736 1689 inferat,
786 1645 970 1683 citeriora

225 1696 395 1738 nondum
408 1695 670 1738 audiebamus.
699 1713 786 1738 nam
807 1702 847 1738 in
867 1699 969 1740 libro

227 1753 497 1808 manuscripto,
532 1768 647 1807 quem
674 1755 789 1797 habet
813 1760 873 1796 vir
902 1757 968 1796 do-

227 1812 406 1851 &inimus
452 1814 712 1857 Hieronymus
773 1817 968 1854 Ferrarius

229 1869 498 1918 Corrigienfis·‚
537 1868 700 1920 legitur,
747 1868 969 1926 Quinquat.

228 1936 271 1966 vt
325 1929 441 1965 etiam
498 1940 593 1980 pro,
656 1928 970 1984 gladtatoribus.

219 1980 383 2040 gladiat
414 1985 618 2023 xetustisin
636 1984 830 2026 codicibus
851 2000 969 2040 quan-

228 2042 355 2094 doque
377 2039 556 2095 scriptum
577 2043 718 2082 videas.

382 2137 695 2182 EPISTOLA
724 2144 804 2182 XV.

279 2208 491 2266 Exemplo]
578 2218 709 2261 Antea,
744 2212 968 2265 exemplum.

226 2284 297 2310 nos
319 2285 363 2309 ex
383 2271 538 2309 vetustis
560 2267 682 2319 libris,
702 2272 881 2321 exemplo,
893 2269 966 2308 sex

227 2338 306 2366 tum
330 2328 469 2366 abhinc
497 2341 640 2368 annum
669 2330 902 2369 correximus
932 2336 971 2366 et

225 2385 489 2438 impressimu'si

284 2469 486 2524 Pontinus]
546 2471 645 2509 Nam
673 2470 706 2507 is
735 2468 894 2522 quidem
911 2467 967 2507 su·

222 2528 554 2581 'periorehonore
583 2526 669 2566 vsus
701 2540 803 2566 erat:
841 2526 968 2566 fuerat

221 2586 324 2623 enim
367 2590 524 2638 praetor
570 2586 760 2623 Cicerone
799 2583 965 2623 consule.

220 2638 351 2697 itaque
371 2641 467 2680 dixit
484 2639 547 2682 lib.
562 2641 600 2683 6.
624 2641 671 2680 ad
682 2643 793 2681 Attic.
813 2642 906 2694 epist
932 2651 968 2692 3.

153 2717 160 2723 ·
220 2693 351 2738 Solum
398 2698 614 2751 (fratrem)
663 2698 779 2738 haheo
817 2707 967 2751 praeto-

219 2758 336 2794 rium.
424 2755 615 2795 Pontinus
640 2757 737 2795 'enim
763 2771 812 2790 ·—
842 2757 921 2796 iam
941 2766 967 2794 a

210 2820 278 2851 'nte
294 2810 525 2867 disceffirat.

563 114 790 156 PAVLLl
816 115 1111 158 MANv‘rn
1149 117 1424 157 SCHOLIA
1460 110 1463 114 ’

1081 231 1168 287 Q‘i
1188 246 1314 271 omnes
1337 229 1484 281 Gaffiot,
1511 230 1768 286 Antoniosque

1026 287 1332 341 complixisunt]
1361 287 1452 334 Alii,
1471 300 1542 341 pro
1564 301 1701 335 omnes,
1718 285 1772 327 le

1028 357 1122 394 gunt
1141 347 1307 383 iuuenes.
1341 359 1456 397 quam
1486 357 1621 383 vocem
1653 342 1770 382 nuliis

1028 403 1071 440 in
1089 398 1198 439 libris
1218 401 1481 455 manuscriptis
1502 402 1669 454 reperio.
1698 414 1771 439 nos

1030 469 1200 497 veterem
1249 457 1451 498 lefflonem
1490 457 1772 497 conservamus·

1029 516 1136 554 cuius
1154 515 1215 553 hic
1234 517 1284 554 est
1301 514 1439 564 sensus,
1459 514 1635 554 Coelium
1659 528 1775 567 quae·

1029 573 1167 610 storem
1186 573 1388 625 praeposui
1417 573 1663 627 prouinciae,
1691 584 1771 610 non

1029 640 1105 669 tam
1127 630 1238 681 ipsius
1262 629 1417 682 quidem
1434 628 1566 677 caussa,
1595 643 1712 683 quam
1730 638 1774 668 vt

1028 685 1267 738 reliquorum
1297 687 1466 725 eiusdem
1496 685 1664 726 familiae
1693 699 1775 736 gra-

1029 746 1120 783 tiam
1139 745 1292 791 inirem,
1325 742 1500 796 exemplo
1529 745 1562 782 S.
1588 743 1772 796 Pompeii,

1027 811 1063 840 et
1077 799 1261 847 Caesaris,
1284 802 1352 852 qui
1370 814 1469 847 cum,
1494 799 1589 840 alter
1613 803 1667 850 Q
1688 798 1777 839 Cas-

1027 859 1120 897 fium
1154 859 1387 906 Longinum,
1424 855 1521 896 alter
1557 859 1612 896 M.
1653 860 1771 895 Anto·

1027 918 1149 961 nium,
1174 913 1419 963 delegissent,
1442 912 1666 952 vniuersamr
1687 911 1772 952 Cas-

1026 973 1190 1019 florum,
1231 982 1267 1010 et
1312 972 1574 1010 Antoniorum
1621 979 1775 1020 gentem

1027 1030 1096 1069 fibi
1115 1027 1385 1067 adiunxerunn
1603 1079 1606 1081 ‚

1084 1086 1148 1125 De
1172 1084 1388 1137 Matrinio]
1416 1082 1542 1123 Locus
1567 1085 1626 1124 est'
1641 1079 1772 1123 obseu-

1029 1158 1115 1182 rus:
1147 1142 1361 1182 cuiusmodi
1382 1144 1421 1180 in
1442 1142 1555 1195 ipsius
1574 1142 1773 1181 Ciceronis

1030 1200 1178 1254 scriptis
1212 1199 1278 1238 alii
1319 1213 1477 1252 quoque
1516 1197 1614 1238 sunt.
1653 1211 1772 1251 quare

1031 1259 1094 1296 etsi
1121 1255 1267 1296 sensum
1303 1271 1384 1295 non
1423 1257 1616 1309 percipio,
1645 1267 1772 1295 tamen

1030 1326 1200 1354 veterem
1248 1313 1453 1354 leffiionem
1480 1311 1646 1352 libenter
1682 1326 1773 1352 con-

1030 1370 1154 1411 seruo.
1183 1374 1343 1410 omnino
1364 1381 1402 1410 et
1428 1369 1574 1409 codices
1605 1367 1704 1416 sunt,
1731 1370 1772 1407 in

1031 1430 1171 1481 quibus
1210 1427 1361 1477 legitur,
1408 1425 1457 1467 de
1501 1428 1773 1467 matrimonio.-

1031 1484 1093 1524 sed
1115 1486 1340 1524 vetustiores
1368 1485 1524 1531 habent,
1558 1482 1605 1524 de
1627 1485 1775 1523 Matri-

1031 1544 1106 1581 ns‘o.
1150 1555 1248 1594 quae
1289 1555 1367 1581 vox
1402 1539 1496 1593 quid
1534 1539 1604 1579 fibi
1644 1538 1773 1587 vellet,

1029 1613 1113 1638 cum
1137 1601 1263 1637 minus
1298 1599 1506 1637 constaret:
1548 1594 1657 1636 fuiffe
1689 1598 1775 1650 opi·

1027 1670 1114 1703 nor,
1135 1658 1202 1708 qui
1222 1652 1417 1696 Matrisiio
1438 1652 1614 1699 delerint,
1638 1663 1674 1692 et
1695 1668 1775 1692 ma·

1026 1714 1209 1753 trimonio
1239 1725 1283 1750 ex
1321 1713 1480 1761 ingenio
1517 1709 1772 1765 reposuerint.

1025 1773 1141 1810 Forte
1157 1779 1297 1816 autem,
1316 1780 1401 1808 cum
1416 1768 1464 1808 ad
1475 1768 1651 1807 Coelium
1669 1767 1775 1808 aedi-

1025 1827 1099 1868 lem
1142 1826 1309 1892 scribon‘
1338 1825 1385 1866 de
1423 1827 1610 1866 Matrinio
1645 1822 1773 1864 scriba

1026 1884 1215 1931 aedilitio,
1253 1885 1356 1923 cuius
1386 1884 1563 1922 meminit
1599 1883 1639 1921 in
1667 1891 1772 1922 orat.

1026 1956 1098 1997 pro
1130 1941 1310 1980 Cluentio
1353 1956 1384 1980 c.
1403 1953 1472 1994 45.
1503 1939 1701 1992 quidpiam
1729 1940 1778 1979 su
1837 1990 1841 1992 ῃ

1026 2001 1235 2050 gnificauit
1264 1997 1327 2037 sed
1347 1998 1443 2037 nihil
1464 1997 1626 2036 affirmo.

1179 2072 1205 2108 Ε
1216 2073 1239 2108 P
1253 2072 1270 2108 1
1283 2071 1304 2108 S
1315 2070 1358 2108 T
1368 2070 1402 2108 Ο
1415 2071 1446 2108 L
1458 2073 1490 2107 A
1515 2069 1614 2108 xvi.

1087 2121 1178 2166 'Non
1205 2129 1308 2166 enim
1332 2137 1371 2165 te
1398 2126 1524 2166 celaui
1543 2125 1771 2177 sermonem.

1026 2184 1110 2233 Sed,
1123 2198 1244 2224 mame
1261 2194 1344 2222 tum
1368 2180 1598 2236 prouidissi]
1629 2183 1686 2220 Sic
1707 2196 1774 2220 an-

1027 2252 1098 2282 tea.
1141 2242 1266 2294 postea
1291 2238 1356 2278 alii
1375 2237 1488 2279 aliter
1506 2238 1771 2279 emendarunt.

1027 2312 1112 2348 ego,
1132 2312 1217 2336 cum
1234 2300 1274 2336 in
1293 2309 1423 2337 vetere
1452 2295 1556 2336 libro
1588 2294 1769 2350 scripturn

1026 2356 1222 2401 viderem,
1254 2369 1328 2394 non
1356 2356 1456 2394 enim
1484 2364 1523 2394 te
1549 2354 1677 2394 celaui
1697 2349 1775 2404 sed

1023 2421 1157 2452 nomen
1181 2424 1292 2450 tuum
1316 2410 1545 2465 providisti:
1582 2410 1771 2460 castigaui,

1024 2484 1098 2510 non
1120 2472 1220 2507 enim
1239 2480 1278 2508 te
1294 2469 1432 2516 celaui,
1454 2466 1528 2520 led
1542 2480 1665 2508 nonne
1686 2478 1771 2507 tum

1021 2540 1072 2579 pt
1074 2540 1136 2565 om
1126 2526 1178 2564 ί
1168 2526 1240 2579 stt

1075 2581 1152 2622 Sed
1174 2596 1239 2635 ege
1253 2578 1413 2647 fof'mff‘
1430 2580 1644 2629 vaticinor]
1673 2579 1769 2618 Non

1027 2640 1079 2678 est
1097 2639 1157 2677 hic
1184 2641 1377 2679 vaticinor
1407 2650 1479 2691 pro
1509 2637 1664 2682 diuino,
1707 2634 1770 2675 sed

1026 2711 1098 2762 pro
1117 2696 1276 2742 molor,
1296 2707 1331 2734 et
1347 2695 1448 2748 quali
1478 2692 1616 2741 deliro,
1642 2701 1683 2732 vt
1714 2702 1770 2732 et·

1023 2756 1153 2793 iamin
1166 2764 1262 2792 ὀι-,ετ
1276 2766 1346 2806 pro
1359 2753 1527 2790 Sextioc.
1544 2756 1607 2791 10.
1622 2752 1694 2790 Eos
1712 2767 1769 2780 ·-

1023 2824 1059 2852 v
1062 2813 1221 2852 aicium
1223 2815 1238 2851 ι’
1256 2821 1372 2866 atque
1390 2810 1542 2863 insanit
1543 2822 1563 2849 e
1580 2806 1764 2848 dicebat.-

1693 2855 1768 2903 EX
