1881 3173
12 797 13 803 Α
15 780 21 790 0
11 603 32 758 ,να-’,φνας
12 563 32 601 3:
36 546 45 558 Ι

233 142 302 182 ΙΝ
324 136 439 182 Cle.
470 139 666 182 EPIST.
705 143 842 184 FAM.
877 143 992 183 LIB.
1017 144 1063 183 X.
1101 144 1294 185 EPIST.
1326 147 1485 186 xxxn.

94 261 184 292 tur.
242 250 380 292 Fadius
395 253 455 294 bis
476 255 591 305 gratis
611 255 851 308 depugnant—

106 319 179 356 τοι,
199 322 279 348 non
299 308 589 360 gladiatoribus,
600 311 711 360 serio,
734 325 770 353 et
788 327 850 367 pe·

95 363 277 407 ‚riculoso
294 370 516 416 certamine,
539 368 602 408 sed
623 372 662 408 in
681 369 788 418 ludo,
810 371 849 409 id

107 424 174 470 est,
201 421 310 464 nullo
336 426 439 465 vitae
457 426 687 467 discrimine.
714 440 752 468 at
768 427 851 468 Bal-

38 515 41 518 4
107 480 180 520 bus
204 492 375 533 pugnare
386 496 474 522 eum
492 485 650 524 auctore
671 483 757 532 sese,
770 499 850 525 non

52 542 66 555 '
107 537 150 576 in
171 535 280 585 ludo,
297 537 360 578 sed
373 538 663 590 gladiatoribus,
683 541 850 582 volebat.

89 592 213 648 ⁴quod
237 594 396 635 Fadium
433 596 638 647 recusasse,
669 602 753 652 quis
782 602 851 638 mi-

105 652 236 691 retur?
271 653 502 694 Sententiam
531 667 661 710 patere
689 658 765 696 iam
793 669 853 696 ar·

73 707 254 748 ‘'bitror:
278 723 379 750 nune
398 710 540 764 singula
564 713 680 754 verba
690 725 852 768 perpen-

107 762 253 805 damus.

92 880 98 886 ,
160 837 338 878 Militem
373 837 656 893 Pompeianum]
706 843 850 891 Pugna-

90 903 216 940 ,verat
230 896 351 945 igitur
376 906 507 936 contra
528 895 737 938 Caesarem.
765 895 848 937 Bal—

104 951 177 992 bus
225 963 353 992 autem
405 953 719 993 Caesarianamm
765 965 848 996 erat

105 1009 292 1063 partium:
331 1023 376 1049 ex
405 1024 484 1062 quo
508 1009 566 1049 illi
593 1012 846 1064 Pompeianos

53 1076 56 1078 ’
105 1074 240 1106 omnes
258 1064 352 1119 odio
375 1064 499 1115 fuisse,
518 1068 720 1108 verisimile
743 1069 849 1109 vide-

105 1132 191 1220 tug:
233 1124 365 1177 itaque
399 1125 507 1164 Fadii
529 1126 631 1165 vitae
658 1139 738 1164 non
762 1139 848 1180 par-

102 1193 144 1218 ce
173 1189 224 1222 at.

161 1245 366 1305 Deprfftr
386 1251 428 1291 in
450 1248 604 1305 ludum]
642 1252 849 1307 Depreffus

102 1306 152 1352 ab
180 1308 250 1356 iis,
282 1310 351 1361 qui
380 1305 564 1349 ludicram
592 1307 849 1359 gladiatorum

102 1377 270 1419 pugnam
301 1366 421 1405 animi
455 1365 576 1405 caussa
616 1365 846 1420 spenabant.

103 1423 196 1470 Qui,
242 1419 504 1475 deprehensus,
557 1422 702 1473 legunt,
731 1438 847 1478 quam

103 1488 191 1533 apte
209 1480 464 1529 coniungatur
485 1494 570 1520 cum
591 1495 652 1528 e0,
675 1480 778 1535 quod
796 1481 849 1523 se·

104 1537 253 1591 quitur,
279 1537 322 1577 in
341 1535 490 1586 ludum,
508 1550 588 1577 non
606 1539 820 1580 attendunt.

160 1607 320 1658 Gratis]
362 1603 482 1648 Nulla
502 1608 690 1648 mercede.

158 1677 434 1735 Deptagttqffit]
456 1678 619 1732 Ludicra
636 1689 762 1719 tamen
783 1690 852 1734 pua-

92 1736 190 1787 ξω,
220 1749 308 1774 nam
327 1736 403 1775 hoc
433 1737 598 1776 verbum
629 1736 676 1775 ad
706 1736 850 1776 ludicra

105 1795 222 1834 etiam
241 1792 563 1832 accommodatur.
605 1793 848 1848 Lampridius

103 1852 147 1891 in
164 1848 385 1890 Commodo
412 1861 442 1888 c.
457 1862 494 1902 ς.
530 1852 576 1890 In
601 1865 722 1891 arena
742 1851 850 1890 rudi-

106 1906 176 1948 bus
195 1910 301 1947 inter
331 1905 587 1947 cubicularios
606 1906 851 1963 gladiatores

103 1962 354 2020 depugnauit.
419 2014 425 2015 ἶ

162 2018 323 2061 Amore
334 2015 437 2073 sest]
521 2021 743 2067 Quaestore.
774 2033 850 2058 em-

102 2077 224 2132 phasis
246 2076 432 2129 quaedam
452 2089 497 2114 ex
518 2087 625 2130 parte
636 2075 764 2115 Balbi:
781 2088 851 2116 nec

103 2134 207 2174 abest
242 2134 359 2173 Afinii
388 2131 585 2172 scribentis
613 2132 850 2182 indignatio:

106 2191 209 2245 quasi
228 2191 279 2230 ita
299 2188 480 2243 peruerso
499 2203 700 2243 prauoque
710 2188 848 2229 Balbus

106 2246 196 2287 effet
220 2248 392 2297 ingenio,
413 2256 454 2285 vt
474 2247 554 2294 fibi,
581 2249 693 2287 etiam
715 2249 848 2299 iniqua

0 2307 1 2315 ¹
66 2318 69 2320 ·
103 2305 268 2352 iubenti,
290 2316 424 2357 parere
439 2303 613 2342 homines
636 2301 765 2352 vellet,
791 2317 849 2342 re·

104 2360 348 2413 cusantesque
392 2358 643 2401 vlcisceretur.
706 2359 850 2401 Auffe-

104 2420 205 2464 rari,
227 2431 312 2470 pre,
343 2416 511 2464 affore,
542 2416 664 2471 placet
690 2419 848 2472 quibus-

105 2474 219 2522 dam,
251 2473 530 2514 alucinantibus
569 2476 608 2513 in
650 2472 849 2523 sententia,

106 2543 176 2570 nec
197 2530 430 2580 videntibus,
461 2531 522 2570 hic
551 2531 766 2572 sermonem
785 2532 850 2570 ha-

104 2589 189 2628 beri
210 2587 256 2626 de
291 2587 385 2628 seria
420 2585 674 2637 gladiatorum
701 2601 849 2644 pugna;

107 2643 212 2697 quod
238 2646 373 2693 verbo,
390 2645 697 2702 gladiatoribus,
727 2644 848 2684 decla-

106 2714 234 2741 ratur:
286 2702 484 2742 auflort‘zri
529 2713 656 2742 autem
710 2701 847 2742 seruile

103 2759 268 2798 verbum
280 2756 373 2805 -esse,
384 2772 467 2798 cum
478 2761 656 2799 anfflone
666 2769 850 2808 veneunt,

105 2817 173 2869 qui
213 2813 435 2856 seruitutem
472 2815 650 2865 sei-uiant.
690 2829 768 2869 quo
790 2827 848 2855 re-

1562 157 1648 202 717

904 254 1025 309 spexit
1063 253 1220 303 Plinius,
1247 269 1332 296 cum
1352 256 1449 299 dixit
1485 257 1553 300 lib.
1581 259 1646 314 36.

906 327 937 352 c.
957 323 1015 366 ις.
1046 313 1325 354 Gladiatorum
1333 315 1558 367 spellacula
1567 317 1650 359 ede·

905 369 988 417 bat,
1016 370 1139 424 ipsitm
1168 372 1291 426 magis
1315 371 1561 414 aufloratum
1585 387 1652 428 po·

901 428 1037 479 pulum
1057 427 1274 467 Romanum
1302 429 1589 481 circumferens,
1608 429 1650 471 id

907 484 972 530 est,
993 481 1057 523 sua
1088 483 1245 525 stultitia
1268 483 1496 526 seruientem
1516 489 1650 537 magis,

906 554 1023 593 quam
1066 539 1294 590 gladiatores
1332 543 1421 596 ipfi,
1463 542 1649 584 libertatis

906 608 1099 651 expertes:
1128 600 1196 651 qui
1215 611 1300 638 cum
1317 601 1508 641 aneiorati
1520 600 1651 650 effent,

905 654 946 693 id
964 655 1028 702 est,
1049 657 1090 694 in
1116 654 1338 696 seruitutem
1366 660 1500 711 emPti,
1530 658 1650 712 impe·

905 712 967 750 rio
986 709 1150 759 domini,
1168 710 1230 752 vel
1264 726 1349 753 cum
1383 717 1485 755 vitae
1503 717 1652 769 pericu·

905 766 959 812 lo,
979 781 1114 821 parere
1147 771 1393 819 cogebantur.
1455 771 1652 813 Gladiato-

906 825 1013 863 ribus
1052 823 1211 865 libertos
1261 841 1418 882 quoque
1454 829 1650 872 interdum

900 880 1094 935 pugnasse,
1129 882 1198 935 qui
1217 883 1391 924 venalem
1429 884 1650 936 sanguinem

901 939 1108 987 haberent,
1144 941 1282 980 auetor
1324 942 1461 981 Liuius
1489 942 1558 984 lib.
1582 951 1650 993 28.

901 1009 931 1035 c.
954 1004 1021 1038 21.

959 1064 1129 1119 Defodit
1144 1066 1186 1106 in
1207 1064 1316 1122 ludo]
1398 1072 1449 1109 Vt
1473 1081 1560 1124 pars
1581 1072 1652 1112 ob-

907 1135 1085 1164 rueretur
1106 1126 1239 1172 humo,
1261 1138 1347 1177 pars
1373 1125 1484 1180 supra
1508 1139 1651 1169 terram

909 1184 1108 1230 emineret,
1142 1182 1358 1221 cuiusmodi
1388 1184 1604 1239 exemplum
1626 1200 1651 1226 a

906 1239 1278 1288 Carthaginiensibus
1297 1239 1457 1290 editum,
1479 1245 1578 1282 Cato
1600 1242 1654 1283 se·

905 1294 996 1335 n‘ior
1013 1295 1199 1349 prodidit.
1284 1296 1479 1346 Homines,
1509 1300 1652 1353 inquit,

903 1351 1132 1405 defoderunt
1159 1352 1202 1392 in
1227 1362 1380 1394 terram
1409 1353 1651 1405 dimidiatos,

901 1411 1100 1466 ignemque
1137 1411 1498 1462 circumposuerunt.
1584 1414 1652 1453 Jta

901 1467 1189 1519 interfecerunt.
1217 1465 1363 1518 Gellius
1379 1466 1498 1522 lib.3.
1528 1483 1560 1510 c.
1585 1481 1652 1523 14.

961 1535 1095 1578 Nudis
1110 1534 1289 1590 pedibus]
1324 1526 1473 1579 Contra
1493 1541 1652 1581 ‘morem

907 1591 1137 1634 Romanum.
1167 1592 1298 1634 calceis
1319 1597 1422 1635 enim
1451 1599 1494 1636 in
1521 1596 1653 1652 publi-

908 1665 968 1698 co,
987 1651 1093 1690 domi
1123 1649 1234 1689 soleis
1267 1653 1486 1692 vtebantur.
1545 1655 1652 1694 Fecit

906 1708 1024 1757 igitur
1037 1705 1176 1747 Balbus
1195 1706 1390 1756 indecore,
1412 1724 1498 1750 cum
1520 1710 1560 1750 in
1581 1725 1652 1764 pu-

904 1764 1022 1811 blico,
1048 1765 1090 1803 in
1109 1775 1245 1813 magna
1272 1764 1407 1818 populi
1435 1765 1651 1809 multitudi·

905 1835 966 1868 ne,
983 1834 1082 1875 quae
1102 1820 1158 1868 ad
1171 1818 1442 1870 gladiatorium
1459 1822 1651 1879 speciacu-

905 1874 988 1917 lum
1031 1888 1278 1925 conuenerat,
1314 1876 1429 1919 nudis
1470 1875 1651 1934 pedibu3,

905 1933 1127 1989 praesertim
1154 1935 1222 1988 qui
1247 1934 1339 1976 effet
1366 1937 1557 1991 quaestor,
1593 1940 1653 1979 in-

905 1990 1130 2032 ambularet.

962 2061 1112 2104 Tunica
1127 2061 1282 2118 filma]
1360 2063 1477 2113 Qnod
1498 2064 1653 2103 inufita-

904 2126 1002 2168 tum,
1034 2120 1202 2174 ideoque
1230 2117 1407 2160 lasciuiae
1438 2118 1650 2168 cuiusdam,

903 2176 1154 2230 superbiaeue
1201 2187 1481 2227 argumentum.
1548 2178 1651 2227 cingi

903 2237 1007 2274 enim
1027 2236 1196 2275 tunicam
1222 2233 1372 2273 solitam
1404 2231 1490 2280 effe,
1527 2234 1650 2272 osten-

904 2291 961 2331 dit
983 2293 1169 2331 Horatius
1205 2288 1272 2331 lib.
1296 2304 1331 2333 ι.
1367 2293 1484 2330 Serm.
1512 2292 1586 2329 Sat.
1606 2302 1647 2332 2.

902 2357 941 2388 v.
965 2355 1056 2399 132.
1084 2361 1171 2387 cum
1189 2350 1263 2387 ait:

961 2431 1168 2475 Discittffa
1181 2434 1318 2474 tunica
1336 2427 1564 2489 fugiendum
1583 2431 1649 2488 ast,

1071 2503 1118 2532 ac
1137 2489 1234 2543 pede
1258 2489 1372 2530 nudo.

965 2573 1213 2631 Qiritanti]
1253 2573 1429 2624 Nonius:
1464 2575 1648 2630 ¹Quiritu-

905 2645 962 2679 re,
987 2630 1039 2685 est
1060 2634 1245 2679 clamare,
1279 2630 1451 2672 tradam
1494 2631 1542 2671 ah
1585 2634 1647 2678 iis,

903 2691 968 2744 qui
987 2690 1168 2746 Qcirites
1186 2689 1381 2729 inuocant.

963 2770 1005 2799 C.
1060 2769 1103 2799 R.
1158 2767 1332 2799 NATVS
1376 2765 1477 2798 SVM
1530 2765 1645 2796 ERN.

905 2815 1010 2858 Ciuis
1031 2815 1347 2871 Remanussum]
1400 2816 1540 2855 Vfitata
1567 2824 1646 2854 vox

1532 2881 1645 2924 open]
