1881 3173
544 139 614 180 IN
649 139 767 179 CIC.
805 137 994 178 EPIST.
1023 136 1159 178 ΒΑΜ.

29 275 31 281 2
60 290 62 297 ,
85 251 236 292 Inimici
254 248 396 291 laudis.
457 252 550 292 Non
578 262 654 292 tam
685 265 826 291 memo·

29 306 30 318 ³
119 322 203 347 ‘res
232 308 348 347 ess’ent
377 310 531 349 virtutis
572 320 680 356 tuae,
710 323 824 363 quam

140 363 261 404 laudis
281 367 428 404 initui'ci
681 379 715 409 Ι,
734 378 776 420 7,
797 378 823 418 9

82 422 315 462 Imma—itm
345 432 510 474 apertae.
543 426 619 462 Aut
656 423 821 463 obscuro

139 480 232 518 odio
255 478 452 518 ostendere
486 491 635 533 apertas
660 482 822 519 inimici-

139 539 221 580 tias,
235 537 354 583 aut‚in
369 550 446 589 quo
458 536 553 575 nihil
566 552 714 580 noceas.
727 538 820 576 sum-

138 607 238 632 mam
260 594 456 632 ostendere
486 593 721 634 voluntatem
754 608 821 633 no-

138 651 262 697 cendi,
295 650 472 690 stultitiae
508 653 558 690 est
610 665 645 705 3,
670 664 732 700 10,
753 664 823 698 72.

136 709 370 748 Inimicsstiae
393 708 588 747 vitandae.
676 710 821 747 vitabis

136 766 377 813 inimicitias,
409 774 446 804 et
476 767 704 818 posteritatis
738 768 822 808 otio

137 820 309 860 consules
615 837 655 871 2,
680 829 743 872 18,
768 833 816 875 51

80 895 241 945 Iniquus
267 893 332 945 ipfl
356 895 439 931 Ioui
463 893 644 934 Seruilius
670 906 732 941 10,
760 905 821 939 12,

139 954 231 998 256.
262 952 385 1002 iniqui
419 950 614 990 obscurius
677 963 712 998 1,
736 964 773 1003 5,
798 957 818 998 8

29 1021 35 1025 ·
80 1009 237 1046 Initium
261 1006 444 1046 libertatis
465 1022 484 1046 a
509 1011 626 1047 Bruto
663 1019 699 1046 et
727 1020 821 1046 cete-

129 1068 183 1103 ns
207 1063 420 1116 profec'lum
441 1077 480 1117 9,
508 1077 570 1117 14,
586 1077 680 1118 252.
707 1066 820 1103 initio

136 1122 323 1159 orationis
358 1121 446 1160 suae
484 1125 594 1161 vobis
625 1124 820 1167 maximas,

133 1190 174 1217 vt
193 1179 324 1216 debuit
358 1182 494 1227 gratius
516 1181 591 1228 egit
605 1190 669 1231 15,
683 1189 817 1230 2‚453

77 1237 280 1284 Iniungere
301 1234 568 1275 detrimentum
587 1234 818 1288 tenpublicae

576 1305 593 1333 1
606 1305 621 1333 1
631 1323 640 1339 ‚
657 1304 673 1332 1
686 1304 722 1344 3,
735 1296 814 1341 328

75 1366 220 1406 Iniuria
249 1363 431 1415 temporis
467 1367 529 1412 16,
555 1370 591 1412 3,
610 1369 703 1416 485.
759 1363 816 1399 in-

127 1423 264 1460 iuriam
283 1420 378 1458 mihi
396 1421 478 1459 fieri
494 1424 696 1474 putabam,
728 1432 814 1457 cum

129 1479 293 1528 rogabar
608 1491 645 1531 3,
669 1488 734 1523 10,
758 1485 809 1526 71

73 1538 218 1577 Intu‘rlu
252 1546 339 1574 meo
367 1531 694 1586 proficiscerentur
718 1544 754 1583 3,
777 1538 815 1579 8,

759 1591 813 1640 65

72 1649 186 1700 Inops
212 1645 421 1685 verborum
641 1657 680 1697 4.
700 1658 740 1697 4,
762 1652 814 1697 85

73 1703 228 1756 Insequi
267 1701 435 1756 aliquem
472 1714 611 1752 magno
649 1700 816 1740 clamore

615 1765 653 1807 8,
673 1771 710 1812 4,
733 1769 811 1800 211

74 1830 334 1872 inseruiebam
354 1831 497 1869 honori
518 1839 586 1868 tuo
604 1840 641 1880 3,
668 1842 727 1881 13,
747 1841 816 1883 79.

128 1887 312 1927 inseruire
325 1887 536 1929 valetudini
560 1890 624 1933 16,
639 1899 703 1939 17,
719 1898 815 1938 493.

129 1945 354 1984 inseruitum
381 1943 549 1984 estnihil
584 1957 606 1982 a
636 1957 696 1982 me
721 1955 814 1982 tem·

130 2004 235 2055 poris
257 2003 376 2042 causs'a
596 2004 634 2045 6,
651 2012 715 2046 12,
732 2012 812 2053 159

72 2059 234 2113 Irgst'dco.
275 2059 466 2100 Insederat
501 2059 651 2113 penitus
679 2071 723 2095 ea
753 2071 814 2095 co-

126 2119 261 2166 gitatio
586 2127 623 2169 ς,
652 2127 710 2167 13,
732 2124 809 2164 123

70 2176 215 2238 Insigne
237 2187 420 2226 indicium
452 2185 747 2226 beneuolentiae
768 2197 811 2238 7,

128 2250 168 2293 6,
189 2256 281 2298 179.
342 2244 511 2300 Itgtfignes
557 2243 613 2283 ad
656 2242 811 2283 laudem

124 2305 216 2342 viri.
299 2300 410 2341 Nihil
449 2301 495 2339 de
527 2302 732 2350 insignibus
761 2297 809 2337 ad

126 2357 278 2398 laudern
315 2361 408 2398 viris
445 2357 602 2398 obscure
636 2357 809 2396 nunciati

125 2415 220 2455 solet
518 2424 522 2425 ⁷
607 2425 644 2464 3,
675 2427 730 2460 11,
750 2424 807 2466 75

68 2475 227 2522 Infignia
250 2472 394 2522 gloriae
417 2485 478 2519 10,
504 2482 567 2522 13,
589 2478 685 2523 287.
724 2471 807 2509 infi-

126 2532 214 2580 gnia
235 2532 387 2568 virtutis
418 2529 529 2569 multi
558 2530 631 2567 line
664 2529 806 2566 virtute

125 2586 276 2625 assecuti
299 2586 381 2626 sunt
624 2597 660 2637 3,
676 2595 805 2637 13,79

69 2644 270 2685 Infinuabo
304 2658 363 2684 me
390 2645 430 2681 ln
461 2640 627 2682 Caesaris
657 2642 809 2680 consue-

124 2700 295 2739 tudinem
569 2712 610 2750 4,
634 2711 698 2751 13,
725 2709 800 2740 101

73 2759 237 2808 Insolent
253 2772 291 2804 a,
318 2757 488 2796 lautitia.
567 2758 653 2795 Nec-
679 2767 806 2794 tamen

124 2813 172 2852 ad
211 2816 306 2854 lranc
346 2811 605 2859 insolentiam,
651 2812 712 2852 sed
756 2811 804 2851 ad

937 249 1041 291 illam
1091 259 1195 290 tuam
1239 247 1428 290 lautitiam
1473 262 1511 304 9,
1554 263 1624 298 2ο,

1540 312 1622 350 262

880 363 1006 418 Instar
1035 365 1150 403 vitae.
1210 366 1293 402 Hos
1319 375 1405 402 tuos
1436 364 1625 403 Tuscula-

933 420 1065 460 nenfes
1086 422 1166 459 dies
1180 422 1295 460 instar
1317 421 1389 461 ess’e
1412 423 1514 460 vitae
1526 436 1622 474 puto

1414 490 1456 530 9,
1478 482 1517 524 6,
1537 491 1620 530 242

878 534 1155 572 Instauratione
1176 543 1330 574 tuarum
1359 534 1514 574 laudum
1535 549 1624 585 gau·

936 590 1066 629 demus
1382 604 1447 639 12,
1462 604 1527 644 13,
1540 605 1620 646 355

879 662 1094 715 Iasium-re.
1152 662 1267 710 Quod
1288 664 1450 702 instituit
1474 665 1620 705 referre

936 717 982 757 de
1001 717 1201 767 religione,
1228 722 1275 760 ab
1305 733 1352 758 eo
1379 719 1513 760 deduci
1540 736 1620 762 non

935 778 1056 829 potest
1080 788 1114 823 1,
1139 787 1175 824 Ι,
1194 790 1232 818 2.
1281 779 1452 816 instituto
1481 780 1619 818 itinere

1391 845 1456 886 15,
1477 848 1514 888 ς’
1535 841 1618 889 4⁶2

877 889 1041 928 Instituti
1064 891 1138 927 mei
1159 889 1317 929 tenendi
1338 897 1457 930 cautla
1486 896 1618 943 magis,

934 959 1046 998 quam
1066 948 1170 999 quod
1198 948 1393 995 haberen,
1417 951 1509 1002 quid
1533 951 1620 989 scri-

931 1005 1074 1053 berem,
1105 1006 1256 1044 tertiam
1294 1007 1391 1044 hanc
1421 1007 1618 1059 epistolam

934 1059 1057 1113 scripfi
1384 1066 1449 1110 16,
1472 1067 1511 1112 6,
1531 1071 1618 1118 484

875 1131 985 1185 Itgsto.
1047 1131 1226 1170 instarent
1257 1145 1278 1170 a
1299 1131 1499 1173 Dolabella
1536 1149 1616 1174 non

931 1189 1082 1226 minora
1110 1187 1292 1240 pericula,
1324 1204 1438 1243 quam
1473 1192 1521 1230 ab
1534 1198 1619 1235 ,An-

931 1247 1041 1283 tonio
1348 1258 1413 1294 12,
1445 1261 1507 1301 14,
1534 1252 1616 1300 360

873 1300 1026 1347 Insulsa,
1046 1300 1242 1342 illitterata
1398 1316 1438 1356 9,
1454 1308 1616 1358 16,256

871 1361 1038 1399 lntaEtus
1069 1373 1092 1398 a
1123 1359 1231 1399 sibilo
1260 1362 1483 1400 Hortensius
1517 1369 1555 1410 8,
1575 1375 1620 1410 2,

1527 1431 1613 1472 207

871 1485 1076 1536 Integellus
1378 1499 1419 1540 9,
1441 1500 1506 1536 10,
1527 1502 1614 1542 247

870 1548 1020 1597 Integer
1039 1556 1077 1584 et
1099 1543 1308 1584 incolumir.
1355 1547 1613 1587 Gratissimum

927 1602 1023 1640 mihi
1063 1599 1211 1649 feceris,
1259 1602 1284 1640 fi
1338 1601 1615 1643 Volaterranos

927 1659 1104 1698 omnibus
1144 1659 1258 1697 rebus
1294 1658 1476 1708 integros,
1509 1662 1614 1700 inco·

927 1715 1125 1768 lumesque
1163 1714 1236 1753 effe
1267 1715 1437 1755 volueris
1473 1728 1538 1770 13,
1568 1729 1612 1771 4,

926 1779 1020 1824 383.
1058 1775 1206 1822 integer
1233 1771 1396 1812 militum
1426 1788 1610 1813 numerus

926 1839 967 1881 3,
990 1842 1026 1882 3,
1042 1833 1107 1881 56.
1153 1831 1338 1878 integram
1361 1831 1522 1870 caussam
1543 1829 1613 1870 ali-

927 1890 984 1926 cui
1006 1885 1231 1925 conseruare
1259 1897 1324 1936 13,
1341 1898 1383 1940 7,
1408 1892 1500 1940 386.
1554 1890 1612 1927 in-

925 1953 1070 1994 tegram
1096 1942 1234 1982 famem
1264 1943 1310 1981 ad
1342 1957 1460 1983 ouum
1486 1945 1609 1984 affero

924 2013 965 2055 9,
985 2014 1054 2048 20,
1074 2003 1171 2042 262.
1229 2002 1420 2049 integrum
1453 2003 1525 2042 tibi
1553 2017 1612 2042 re·

924 2058 1061 2105 serues,
1094 2056 1233 2096 suadeo
1264 2064 1299 2105 8,
1327 2061 1366 2104 6,
1395 2069 1488 2112 215.
1528 2073 1611 2099 non

922 2114 1065 2170 placuit
1102 2116 1277 2167 cuiquam
1313 2123 1467 2154 tuorum
1500 2115 1611 2169 quid-

923 2186 1037 2226 quam
1059 2182 1094 2211 te
1111 2171 1263 2212 absente
1284 2173 1381 2219 fieri,
1392 2173 1497 2225 quod
1519 2173 1607 2222 tibi,

923 2244 1008 2270 cum
1025 2229 1198 2276 veniffes,
1219 2242 1297 2268 non
1310 2227 1398 2267 esset
1414 2232 1609 2279 integrum

922 2299 964 2334 2,
985 2300 1022 2340 3,
1044 2296 1110 2336 31.
1136 2298 1200 2338 32.
1227 2284 1423 2338 respondit
1443 2288 1509 2326 fibi
1527 2301 1609 2327 non

922 2343 995 2383 effe
1025 2346 1216 2392 integrum
1245 2356 1280 2395 ς,
1301 2353 1340 2389 2,
1367 2354 1459 2394 107.
1511 2345 1608 2384 inte·

921 2403 1085 2451 gerrima
1101 2410 1138 2439 et
1163 2402 1324 2439 maxima
1349 2398 1517 2455 pericula
1542 2413 1610 2449 10,

1459 2463 1498 2506 82
1524 2471 1545 2500 2
1553 2465 1574 2507 8
1583 2469 1604 2499 Ῑ

863 2527 1092 2569 Intercalare
1416 2535 1458 2579 7,
1469 2540 1508 2575 2,
1525 2540 1543 2570 1
1552 2540 1608 2581 74

864 2586 1114 2641 Intercapedo
1389 2596 1427 2638 9,
1440 2597 1509 2632 22,
1519 2587 1609 2628 266

863 2645 1070 2683 Intercedit
1089 2645 1190 2682 inter
1209 2655 1279 2680 nos
1301 2639 1388 2680 vsus
1411 2653 1519 2681 vetus
1541 2653 1608 2692 13,

920 2712 990 2753 23,
1014 2712 1112 2753 400.
1174 2698 1376 2738 intercedit
1399 2699 1494 2737 mihi
1522 2713 1608 2738 cum

921 2772 969 2797 eo
1008 2755 1234 2810 quotidiana
1272 2754 1507 2794 consuetudo
1541 2766 1608 2807 13,

915 2827 985 2868 45,
1007 2826 1102 2868 414.
1169 2812 1370 2853 intercedit
1395 2813 1492 2852 mihi
1522 2826 1608 2907 etlxlm

1533 2882 1544 2907 l
1579 2884 1603 2906 Ο
