1881 3173
234 119 303 160 IN
338 119 458 160 CIC.
495 119 687 160 EPIST.
719 121 854 160 FAM,
885 121 997 161 LIB.
1029 120 1095 160 IX.
1125 120 1320 161 EPIST.
1350 124 1453 164 vm.

76 245 154 288 que
183 231 406 272 Academiae
438 233 612 286 princeps
639 232 816 276 Arcesilas

8 323 13 342 ζ
76 300 207 331 eontra
227 290 355 328 omnia
374 287 519 342 semper
539 289 692 338 diceret,
715 293 818 331 vtest

34 390 38 395 ,
76 345 194 399 lib.5.
215 344 262 385 de
280 347 360 384 Fin.
382 359 411 384 c.
422 357 461 398 4.
502 349 554 385 05
579 357 705 386 autem
728 347 816 386 ideo

76 402 239 444 sumitur
255 415 326 456 pro
357 401 606 454 impudentia,
630 406 718 458 quia
751 419 816 457 pu-

81 459 186 500 doris
206 459 387 498 indicium
410 470 565 498 exortus
589 463 630 499 in
658 475 726 500 ore
756 476 817 499 ru-

77 518 153 558 bor
171 517 243 555 est:
273 517 340 568 qui
362 529 458 554 vero
485 516 581 556 nihil
601 532 817 557 commoue-

79 584 156 621 tur,
178 586 221 612 os
240 573 275 611 ei
294 570 439 625 semper
465 572 564 612 idem
593 576 656 621 est,
684 588 817 628 perpe-

77 641 241 682 tuusque
265 628 446 668 naturalis
467 630 585 670 color.
628 633 681 670 Os
703 633 818 681 igitur

76 689 128 728 ita
149 686 297 734 durum,
324 697 365 726 vt
393 699 562 727 mutetur
596 702 816 740 numquam,

78 743 316 798 impudentia
339 744 409 782 est:
431 747 520 797 quia
541 756 715 793 naturam
735 746 816 783 vin-

79 804 130 842 cit
151 800 273 854 culpa,
294 812 330 839 et
350 804 450 852 quasi
474 801 704 848 dominatur,
725 799 819 839 infa-

57 873 194 909 ‚maam
227 869 490 897 contemnens:
540 868 672 896 natura
704 872 817 904 emm,

82 915 186 969 quod
217 914 406 961 dedeceat,
437 926 473 954 et
501 913 722 953 aduersetur
752 915 818 952 ho-

83 974 227 1019 nestati,
245 969 345 1010 ferre
362 971 458 1010 nihil
479 969 583 1010 solet.
614 981 817 1024 propterea

82 1029 183 1082 apud
206 1029 369 1067 comicos
386 1030 521 1082 probri
537 1026 622 1067 loco
640 1029 822 1068 obiicitur

68 1084 192 1132 illud,
214 1099 250 1123 oc
270 1087 441 1125 hominit.
499 1087 542 1123 Et
560 1087 733 1124 Vatinius
755 1083 820 1124 lib.

88 1156 126 1196 5.
143 1143 246 1195 epist.
267 1153 325 1181 ιο.
359 1144 401 1181 Si
424 1143 536 1194 Appii
565 1155 605 1181 os
632 1141 821 1189 haberem,

85 1211 214 1241 tamen
233 1198 298 1237 hoc
318 1196 505 1255 fifimere
531 1212 604 1237 non
617 1195 763 1252 possem.

142 1310 459 1362 Adolefi'entioris
479 1310 722 1364 Academiae]
763 1312 826 1350 Di-

89 1371 189 1410 &uri
217 1367 363 1420 aliquid
391 1366 438 1406 de
467 1368 691 1414 Academiis‚
721 1382 827 1421 prae-

88 1439 288 1482 ponemuS,
310 1423 414 1476 quod
431 1438 452 1462 a
472 1425 583 1464 Sexto
595 1424 826 1479 philosopho

90 1483 270 1524 traditum
291 1479 356 1520 lib.
377 1492 404 1519 ι.
419 1481 545 1525 Pyrrh.
559 1495 588 1521 c.
608 1497 638 1521 ι.
652 1480 827 1531 legimus,

91 1538 384 1595 philosophandi
413 1548 486 1576 tres
513 1536 622 1577 fuisse
644 1541 827 1585 rationes,

90 1599 254 1638 maxime
303 1593 488 1634 diuersas:
525 1601 757 1643 δογματικῆν,
786 1598 829 1634 in

93 1669 169 1708 qua
212 1652 319 1692 fuere
357 1649 588 1699 Aristoteles,
632 1654 829 1705 Epicurus,

94 1712 223 1756 Stoici,
253 1706 394 1760 aliique
415 1706 607 1754 nonnulli,
618 1712 685 1761 qui
705 1708 740 1747 se
764 1722 830 1762 pu-

93 1769 225 1808 tabant
240 1764 427 1804 summum
461 1765 607 1803 bonum
625 1765 808 1804 inuenisse
823 1781 831 1803 ι

95 1830 349 1868 innocentulam,
384 1822 424 1858 in
456 1834 530 1872 qua
560 1820 835 1869 Clitomachus,

95 1879 333 1925 Carneades,
361 1875 503 1929 aliique
533 1878 746 1917 Academici
773 1892 834 1916 ne-

95 1939 233 1989 gabant
281 1935 425 1988 percipi
460 1933 671 1986 quidquam
710 1933 834 1988 poffe:

97 2002 292 2039 σκεπτικῆν,
320 1993 360 2029 in
393 2004 467 2043 qua
499 1989 645 2046 semper
680 2005 838 2044 quaere-

97 2054 203 2097 bant,
230 2060 267 2088 et
284 2051 326 2093 iu
347 2061 389 2085 ea
411 2048 554 2092 Pyrrho
569 2050 609 2086 in
632 2051 764 2102 primis
777 2061 836 2086 ex·

99 2108 240 2148 celluit.
295 2106 400 2143 Tres
421 2114 548 2143 autem
568 2106 742 2144 Laertius
769 2119 839 2143 no-

97 2168 218 2207 minat
247 2160 477 2208 Academias,
505 2161 594 2212 (nec
624 2171 749 2200 tamen
778 2161 839 2200 de-

98 2223 220 2268 fuere,
250 2229 291 2258 vt
323 2220 376 2256 ait
398 2220 541 2264 Sextus,
564 2220 632 2270 qui
667 2220 838 2271 quinque

101 2280 390 2325 constituerent)
423 2284 613 2321 veterem,
653 2274 840 2323 mediam,

99 2348 254 2377 nonam.
293 2333 432 2370 veteris
477 2331 673 2370 au&orem
720 2331 840 2370 Plato-

102 2408 204 2438 ncm,
236 2388 381 2429 mediae
405 2385 615 2433 Arcesilam,
637 2390 841 2426 nouaeLa-

104 2450 246 2495 cydem.
281 2446 449 2498 quinque
471 2446 600 2482 Sextus
630 2447 839 2497 Empiricus

105 2507 257 2546 videtur
269 2500 481 2550 agnoscere,
496 2510 533 2539 et
551 2502 745 2539 aneiorem
768 2502 842 2554 pri-

106 2576 189 2602 mae
210 2559 416 2603 Platonem,
438 2555 619 2594 secundae
631 2558 841 2605 Arcesilam,

109 2620 242 2659 tertiae
263 2613 512 2660 Carneadem,
543 2625 700 2666 quartae
721 2612 844 2652 Philo-

109 2689 197 2715 nem
216 2683 252 2712 et
274 2670 528 2714 Charmidam,
548 2672 702 2722 quintae
712 2672 844 2708 Antio-

111 2732 235 2770 chum.
244 2729 380 2767 Cicero
391 2726 482 2765 duas
495 2735 651 2771 tantum.
662 2737 844 2774 veterem,

111 2799 151 2830 et
170 2798 334 2829 nouam}
373 2784 526 2839 quique·
545 2783 595 2837 ,in⁶
615 2794 746 2842 vetere
777 2784 846 2824 flo·

1541 126 1621 178 625·

875 234 1036 280 rucrint,
1058 234 1128 274 hos
1154 244 1345 274 memorat
1378 237 1418 275 in
1443 236 1619 287 Lucullo,

874 292 1149 337 Democritum,
1177 293 1451 341 Anaxagoram,
1481 297 1615 348 Empe-

875 346 1035 394 doclem,
1081 349 1365 396 Parmenidem,
1414 352 1617 405 Xenopha-

875 418 983 452 nem,
1011 406 1225 453 Socratem,
1253 404 1470 453 Platonem,
1500 412 1616 460 Speu-

874 462 1031 514 sippum,
1056 463 1320 510 Xenocratem,
1351 463 1611 513 Polemonem,

875 521 1081 564 (Jratctem,
1116 519 1366 559 crantorem:
1402 523 1440 558 in
1488 536 1617 560 recen-

875 575 973 613 tiore
994 586 1119 613 autem
1140 574 1350 622 Arcesilam,
1364 579 1431 629 qui
1456 580 1615 627 negabat

875 629 947 669 esse
979 631 1202 684 quidquam,
1233 634 1336 685 quod
1365 634 1450 672 sciri
1480 635 1615 688 pollet,

874 702 922 725 ne
941 686 1036 726 illud
1063 688 1217 740 quidem
1249 689 1385 742 ipsum,
1412 691 1515 744 quod
1551 694 1618 731 So-

876 753 993 782 crates
1027 745 1093 783 fibi
1132 743 1357 798 reliquisset:
1399 749 1482 801 post
1517 763 1618 797 eum,

874 800 1072 846 'Lacydeim
1094 802 1324 849 Euandrum,
1347 806 1567 853 ligesimum,
1581 816 1618 844 et

876 868 1067 910 quartum,
1089 869 1129 896 vt
1151 860 1202 896 ait
1216 858 1367 906 Cicero,
1387 862 1433 899 ab
1448 861 1620 910 Arcesila,

875 916 1035 967 eiusque
1055 916 1286 953 imitatorem
1303 915 1509 956 sententiae
1525 922 1621 957 (Iar-

875 971 1056 1018 neadem,
1088 970 1391 1020 Clitomachum,
1426 986 1462 1013 et
1494 974 1618 1014 Philo·

877 1042 986 1066 nem:
1018 1029 1098 1080 qui,
1118 1028 1316 1067 Arcesilam
1335 1029 1464 1078 secuti,
1486 1043 1619 1071 contra

878 1086 1051 1123 omnium
1073 1084 1274 1124 sententias
1296 1085 1556 1140 disputabant:
1578 1091 1621 1127 in

878 1156 956 1194 quo
1006 1141 1253 1181 modestiores
1299 1143 1452 1184 fuerant
1480 1148 1620 1184 veteris

878 1198 1102 1238 Academiae
1139 1199 1373 1254 philosophi.
1460 1202 1621 1255 Honeste

879 1258 982 1295 enim
1013 1257 1165 1303 viuere,
1189 1256 1389 1307 fruentem
1418 1258 1529 1298 rebus
1560 1261 1624 1306 iis,

883 1327 978 1368 quas
991 1315 1140 1365 primas
1158 1312 1300 1360 homini
1327 1325 1473 1353 natura
1497 1317 1626 1355 conci-

883 1371 967 1416 liet,
988 1380 1096 1408 vetus
1124 1368 1337 1409 Academia
1364 1372 1520 1421 censuit.
1576 1374 1625 1410 In

885 1423 1044 1465 Luc'ullo
1065 1439 1094 1463 c.
1111 1438 1179 1479 42.
1201 1428 1437 1466 Recentioris
1460 1437 1501 1466 vt
1523 1430 1627 1479 prin-

886 1484 986 1535 cipes
1040 1482 1241 1531 agnoscere
1282 1485 1420 1524 Cicero
1472 1485 1626 1524 videtur

887 1538 1002 1580 lib.1.
1028 1537 1074 1577 de
1105 1542 1190 1588 Leg.
1219 1555 1249 1580 c.
1268 1551 1328 1593 ¹3·
1366 1540 1564 1580 Arcesilam
1588 1550 1627 1580 et

885 1595 1132 1636 Carneadem.
1159 1598 1205 1635 sic
1228 1599 1329 1635 enim
1348 1597 1510 1650 scripsit:
1534 1599 1628 1637 Per-

886 1652 1139 1692 tm-batricem
1153 1653 1291 1692 harum
1309 1656 1475 1693 omnium
1495 1666 1628 1693 rerum

888 1707 1152 1754 Academiam,
1180 1708 1279 1748 hanc
1305 1709 1353 1749 ab
1385 1710 1562 1763 Arcesila
1588 1721 1628 1749 et

891 1763 1086 1804 Carneade
1111 1777 1315 1812 recentem,
1336 1781 1548 1813 exoremus,
1585 1778 1628 1805 vt

875 1821 1011 1875 stleat.
1055 1821 1211 1873 namst
1241 1823 1430 1873 inuaserit
1454 1826 1495 1862 in
1527 1823 1630 1869 haec,

890 1892 986 1934 quae
1002 1877 1100 1926 sutis
1114 1878 1217 1928 scite
1243 1878 1350 1918 nobis
1375 1879 1563 1932 instrata-a
1593 1890 1632 1919 et

891 1933 1092 1986 compqfi'tn
1133 1933 1337 1982 videntur,
1365 1938 1506 1975 nimius
1544 1934 1632 1975 edet

893 1992 1042 2029 ruinas.
1071 2003 1186 2044 quam
1204 1989 1357 2046 quidem
1392 2006 1457 2044 ego
1468 1993 1632 2046 placare

893 2046 1248 2098 cupio‚fi1bmouere
1266 2060 1339 2087 non
1359 2046 1491 2088 audeo.
1531 2046 1632 2087 Ado-

893 2102 1168 2155 lescemiorem,
1195 2117 1280 2142 cum
1303 2103 1349 2142 de
1370 2118 1472 2143 noua
1500 2104 1633 2156 loqua-

895 2169 971 2205 tur,
998 2158 1163 2212 appellat
1181 2161 1317 2199 Cicero
1341 2159 1467 2213 lepide
1490 2162 1634 2208 iocans,

893 2217 983 2268 quia
1004 2215 1127 2254 solent
1152 2215 1406 2256 adolescentes
1437 2218 1635 2269 impuden··

896 2275 1013 2311 tiores
1033 2271 1117 2319 effe,
1138 2286 1251 2324 quam
1280 2276 1346 2325 qui
1371 2275 1515 2312 maiore
1550 2273 1635 2312 sunt

897 2339 1038 2367 aetate:
1068 2340 1105 2367 et
1126 2331 1216 2381 quia
1237 2329 1346 2382 loqui
1380 2341 1557 2382 coeperat
1588 2330 1635 2369 de

898 2384 1004 2423 libris
1027 2385 1270 2432 Academicis,
1283 2397 1475 2439 tamquam
1500 2386 1546 2426 de
1556 2389 1635 2425 ani·

898 2443 1007 2481 matis
1020 2456 1030 2484 ;
1043 2456 1125 2480 cum
1139 2442 1232 2480 dixit
1247 2442 1413 2494 :mffi'ad
1420 2456 1458 2484 te
1468 2455 1635 2498 quatuor

899 2499 1165 2544 admonitores,
1178 2513 1249 2536 non
1270 2502 1385 2538 nimis
1396 2498 1635 2539 verecundos.

898 2568 972 2607 qua
991 2553 1232 2592 similitudine
1262 2555 1314 2592 ita
1347 2555 1567 2602 deleamur,
1598 2565 1639 2593 vt

898 2610 996 2649 infra
1017 2623 1183 2663 quoque,
1203 2610 1298 2649 nihil
1315 2614 1362 2652 ab
1384 2627 1425 2651 ea
1447 2613 1638 2660 recedens,

898 2666 1093 2705 intulerit:
1114 2669 1192 2722 qui,
1206 2679 1338 2715 metuo,
1351 2683 1396 2708 ne
1416 2681 1452 2709 te
1456 2669 1538 2722 fem
1546 2685 1563 2707 e
1563 2669 1640 2721 fla·

898 2727 1022 2778 gitent
1035 2738 1048 2759 .·
1070 2736 1131 2780 ego
1144 2735 1274 2766 autem
1290 2728 1490 2775 mundani,
1518 2736 1561 2766 vt
1582 2738 1641 2764 νο-

878 2778 884 2779 ’
893 2769 1046 2837 'garena

956 2838 1027 2892 ΚΣ,
1582 2839 1645 2881 Ex
