1881 3173
405 129 475 168 IN
512 130 549 168 P.
588 130 872 170 MANVTII
917 129 1257 170 COMMENT.

73 243 207 280 Aures.
224 235 445 279 Oculorum
469 237 613 278 senfinn
641 243 812 280 oratorie

74 303 79 315 ²
128 298 264 342 Cicero
290 294 408 335 modo
427 307 551 345 auget,
574 301 722 342 aurium
744 301 810 336 im-

128 355 281 402 minuit,
302 353 419 392 modo
441 363 573 391 contra
677 365 771 408 373,
789 370 810 394 a

72 412 230 451 Aurum.
287 415 337 450 Vt
353 422 488 448 aurum
507 410 606 458 igue,
634 410 679 449 sic
700 416 811 450 bene-

128 465 299 507 volentia
324 464 444 505 fidelis
470 465 642 520 periculo
677 467 810 520 aliquo

128 522 288 577 perspici
319 522 427 576 possit
674 524 770 577 639.
790 539 812 564 a

70 579 266 633 Auspicari
291 581 373 633 post
403 577 566 619 mediam
591 582 742 620 nociem
769 581 814 620 li-

131 638 237 676 cebat
676 641 770 690 506.
790 652 812 677 a

71 705 291 760 Auspicium
320 707 403 746 ficri
426 715 575 746 veteres
603 708 812 761 opinaban-

128 774 211 812 tur,
239 763 371 802 alitum
400 763 556 810 volatu,
581 773 619 803 et
642 763 814 804 oscinum

127 828 253 867 cantu,
275 830 339 860 aut
363 820 540 874 tripudiis
676 833 769 874 394.
792 835 814 860 a

75 879 158 921 Aut
182 877 411 930 quandoque
438 887 586 918 veteres
614 891 686 932 pro
713 878 819 917 haud

132 932 359 986 scripserunt
671 937 767 987 671.
788 935 813 972 b

73 991 295 1038 Auxiltasi,
319 1002 355 1030 ct
379 990 568 1032 adiuuare
700 991 768 1042 63.
790 992 815 1030 b

74 1045 276 1087 Auxiliarii
306 1050 451 1101 equites
680 1058 775 1101 204.
795 1061 816 1086 a

425 1160 467 1201 B.

73 1242 153 1370 B
182 1285 254 1326 pro
273 1274 319 1318 V,
329 1279 366 1309 et
385 1273 419 1310 V
428 1285 501 1325 pro
522 1275 551 1312 B
573 1281 719 1313 veteres
732 1270 819 1310 scri-

191 1332 280 1368 bere
302 1326 472 1367 solebant
677 1332 773 1382 674.
792 1328 817 1366 b

17 1377 20 1391 ⁹
76 1389 201 1433 Baiae.
258 1386 432 1424 Baiarum
476 1399 598 1438 aquae
639 1380 818 1424 ‘salubres

79 1501 242 1541 Baianae
260 1511 391 1551 aquae.
447 1497 505 1536 Ad
526 1512 641 1550 aquas
662 1445 820 1537 B6a3ialiia3

133 1559 254 1602 ibant,
285 1555 552 1595 obleetationis
582 1566 618 1594 et
639 1554 824 1594 valetudi-

97 1628 99 1630 ·
137 1615 196 1652 nis
218 1610 336 1651 causs'a
686 1616 781 1664 614.
801 1625 824 1649 a

79 1683 189 1726 Balbi
211 1692 393 1737 quattuor
686 1695 783 1735 407.
798 1696 820 1722 a

80 1743 222 1789 Ratun,
242 1742 403 1781 verbum
423 1736 627 1778 obscenum
648 1740 719 1778 efl'e
742 1750 826 1792 pot-

14 1845 16 1851 ·
61 1849 68 1854 ¹
138 1799 189 1838 est
683 1799 779 1848 665.
802 1810 823 1834 a

16 1883 19 1889 «
80 1859 194 1901 Beate
212 1855 346 1893 viuere
687 1863 781 1906 375.
803 1867 824 1891 a

13 1916 21 1933 ⁹*
81 1913 222 1956 Bellax
258 1922 296 1949 et
341 1906 539 1961 bellicosus
566 1917 608 1947 vt
645 1906 825 1949 dist-erant

83 2027 232 2071 Bellum
257 2023 462 2068 Italicum,
492 1969 826 2072 Mai-ficmfffsssoff

139 2083 251 2128 ciale,
287 2080 388 2120 idem
429 2088 486 2117 tot
515 2079 736 2117 nominibus
771 2080 828 2118 di-

140 2142 242 2181 &um
261 2149 353 2191 327.
364 2151 397 2177 a.
419 2133 523 2175 bello
540 2133 674 2173 ardere
699 2149 826 2189 252.a

81 2209 212 2265 ,Bellus
682 2219 777 2259 470.
799 2208 823 2246 b

85 2268 230 2314 Bembi,
249 2266 364 2313 Petri,
397 2261 552 2317 epistola
686 2267 783 2316 467.
803 2278 825 2302 a

83 2328 184 2366 Bene
203 2324 342 2363 sentire
364 2321 410 2360 de
431 2320 563 2373 aliquo
695 2332 825 2373 745.a

83 2382 261 2423 Beneficii
282 2380 422 2432 accepti
443 2375 658 2416 declarandi
679 2377 826 2416 formu-

137 2438 197 2478 lae
210 2449 306 2491 737.
329 2450 362 2477 a.
399 2448 478 2473 non
509 2436 576 2486 qui
597 2434 823 2474 beneficium

140 2497 305 2547 accepit,
348 2492 410 2532 sed
438 2492 504 2544 qui
530 2490 635 2530 dedit
663 2491 829 2541 gaudere

141 2550 235 2591 solet
687 2559 779 2600 117.
804 2550 827 2589 b

85 2623 335 2665 Benemeriti.
361 2623 455 2670 Erga
472 2619 568 2658 bene
578 2619 735 2657 meritos
748 2618 830 2656 offi-

143 2683 202 2720 cio
220 2679 415 2728 fungimur
427 2676 550 2716 tribus
562 2675 685 2714 modis
702 2679 755 2728 69
764 2688 796 2726 3.
806 2689 827 2714 a

84 2735 356 2781 Beneuolentia
393 2735 439 2772 ab
494 2733 659 2771 amicitia
699 2732 827 2772 distert

143 2793 296 2850 3452b.
354 2787 625 2832 beneuolentia
655 2787 827 2834 simulare

921 253 986 282 aut
1008 240 1234 282 dissimnlare
1253 256 1331 282 non
1353 246 1495 298 patitur
1508 262 1561 291 22
1594 278 1604 287 .

923 314 956 338 a.
988 301 1115 338 minor
1136 302 1185 338 est
1203 301 1243 338 in
1263 299 1519 343 beneuolentsa
1532 309 1603 352 vis,

923 370 1038 411 quam
1062 357 1102 395 in
1122 370 1246 397 amore
1464 373 1558 412 231.
1581 376 1603 400 a

867 415 973 452 Bima
995 413 1074 452 dies
1460 429 1511 468 41
1523 431 1556 470 ς.
1577 420 1603 458 b

866 469 971 509 Βινέω
1465 477 1561 528 664.
1583 489 1607 514 a

868 527 974 574 Bini,
993 527 1155 567 verbum
1173 526 1375 568 obscenum
1395 526 1605 584 aliquando

1513 586 1606 628 ibid.

868 660 974 698 Bona
992 654 1069 690 Dea
1095 663 1186 693 IOI.
1203 653 1241 694 b.
1268 654 1415 694 bonum
1440 659 1566 697 virum
1584 673 1607 698 a

922 711 1029 749 bono
1048 707 1327 758 ciuedistinguit
1340 713 1475 753 Cicero
1493 727 1560 767 92.
1575 729 1610 756 a.

923 767 1065 806 bonam
1100 767 1246 818 copiam
1279 770 1427 808 eiurare
1458 775 1554 825 643.
1575 786 1611 814 a.

925 824 1033 870 boni,
1059 824 1228 869 iucundi,
1261 837 1428 866 amantes
1456 832 1550 881 367.
1570 831 1611 870 b.

928 878 1028 918 adde
1046 878 1191 917 melius.

871 937 990 976 Brcui
1010 945 1046 974 et
1066 934 1249 983 breuiter,
1272 938 1406 978 eodem
1428 940 1613 982 sensuCi-

930 1006 1017 1031 cero
1047 992 1140 1031 dixit
1170 1005 1237 1046 99.
1254 1008 1287 1034 a.
1341 995 1462 1045 breui,
1493 999 1613 1038 modo

929 1052 999 1096 rei,
1022 1049 1138 1087 modo
1171 1054 1353 1104 temporis
1385 1054 1616 1095 breuitatem

929 1115 1038 1144 notat
1475 1117 1573 1160 268.
1591 1126 1615 1151 a

873 1177 982 1216 Bruti
1010 1173 1091 1214 laus
1116 1183 1206 1229 241v
1234 1179 1272 1216 b.
1327 1181 1446 1219 Bruto
1480 1197 1619 1235 parum-

928 1232 1089 1285 probata
1113 1236 1163 1270 est
1181 1232 1226 1270 de
1247 1237 1395 1286 optimo
1408 1251 1546 1287 genere
1561 1239 1618 1278 di-

931 1288 1040 1327 cendi
1059 1290 1255 1327 Ciceronis
1290 1294 1424 1349 opinio
1470 1306 1568 1349 771.
1590 1297 1617 1336 b

874 1348 1013 1388 Brutus
1054 1346 1095 1383 in
1146 1345 1342 1387 scribendo
1390 1352 1622 1393 breuitatem

932 1401 1083 1466 amabat
1298 1417 1396 1459 739,
1416 1409 1452 1450 b,
1479 1413 1577 1461 746,
1596 1423 1621 1448 a

1230 1518 1274 1555 C.

882 1626 1121 1725 Cadimm
1141 1629 1279 1675 animo,
1292 1641 1328 1670 et
1345 1632 1453 1672 cadit
1472 1636 1623 1676 animus·

1001 1689 1094 1738 376.
1118 1698 1149 1723 a.
1191 1686 1216 1722 ss
1236 1688 1430 1738 cecidisset,
1450 1700 1493 1731 vt
1512 1691 1623 1731 volu.

937 1755 1034 1789 ιιηις,
1056 1753 1123 1780 etc.
1512 1752 1579 1790 62.
1598 1763 1622 1786 a

881 1813 1056 1858 Caecina,
1086 1826 1295 1861 cognomen
1317 1815 1482 1856 Liciniae
1496 1822 1622 1868 gentis

940 1875 1034 1921 387.
1056 1882 1088 1907 a.
1119 1870 1305 1909 Caecinae
1324 1869 1424 1912 liber
1443 1877 1623 1916 crimino-

937 1926 1087 1964 sissimus
1112 1927 1151 1964 in
1173 1925 1367 1966 Caesarem
1481 1942 1574 1985 395.
1595 1934 1623 1972 b

880 1980 1019 2020 Caesar
1068 1984 1311 2034 optimatibus
1360 1996 1439 2025 crat
1475 1988 1622 2031 inuisus

942 2049 1036 2091 573.
1057 2052 1090 2078 a.
1120 2039 1213 2078 nihil
1245 2040 1390 2088 melius,
1420 2057 1534 2096 quam
1564 2044 1628 2086 re·

938 2109 1069 2144 gnare,
1090 2091 1322 2137 existimabat
1342 2112 1427 2152 254
1456 2117 1488 2141 a.
1529 2104 1625 2142 Cae·

939 2150 1028 2190 saris
1051 2157 1328 2199 ἀποφθεγμάτων
1357 2155 1453 2195 iiber
1473 2162 1567 2212 639.
1582 2161 1624 2201 b.

939 2207 1106 2247 Caesaris
1128 2209 1267 2249 summa
1287 2212 1482 2261 vigilantia
1502 2230 1542 2254 ac
1563 2230 1623 2256 ce-

938 2263 1065 2304 leritas
1098 2273 1189 2319 598.
1220 2269 1255 2309 b.
1308 2269 1475 2310 Caesaris
1501 2271 1627 2322 faetio„

936 2321 1039 2362 bello
1064 2323 1165 2362 ciuili
1201 2338 1298 2376 quae
1324 2325 1439 2366 fuerit
1471 2340 1565 2382 533.
1584 2323 1627 2369 a}

935 2377 1104 2417 Caesaris
1136 2382 1318 2420 vicioriae
1343 2387 1434 2426 116.
1453 2387 1488 2423 b.
1528 2388 1624 2426 Cae-

941 2434 1031 2474 saris
1062 2438 1279 2488 potestatem
1306 2438 1484 2479 summam
1514 2445 1623 2483 varie

942 2493 1103 2531 ostendit
1125 2495 1261 2532 Cicero
1289 2502 1379 2547 388.
1406 2498 1440 2535 b.
1473 2498 1567 2551 465.
1587 2513 1625 2540 a.

940 2548 1090 2588 Caesari
1111 2549 1284 2590 columna
1315 2556 1438 2593 effeta
1468 2569 1487 2593 a
1510 2555 1624 2608 plebe

941 2607 1108 2645 Romana
1472 2622 1576 2666 ¹752.
1594 2613 1621 2654 b

884 2674 1028 2714 Calceis
1050 2678 1211 2716 Romani
1232 2680 1272 2717 in
1291 2676 1446 2732 publico
1464 2684 1622 2723 vteban·

940 2743 1004 2771 tur
1378 2744 1381 2747 '
1468 2748 1570 2792 717.
1593 2739 1618 2776 b

880 2788 1108 2830 *Calefacerev
1125 2790 1292 2845 aliquem
1324 2816 1328 2820 -
1347 2815 1349 2817 ·
1437 2797 1532 2848 906
1551 2807 1580 2832 a.
1593 2794 1618 2834 b

945 2849 978 2885 D
989 2846 1012 2886 d
1023 2845 1045 2886 d
1059 2846 1082 2885 d
1292 2846 1294 2849 ’
1487 2850 1619 2892 Calere
