1881 3173
274 122 355 172 638

337 232 410 272 Vix
431 233 477 288 est
496 236 537 274 in
558 235 718 286 fintina
737 235 859 287 locus]
901 237 1009 276 Tan-

271 300 351 329 tum
381 292 493 337 abest,
532 301 572 331 vt
603 292 875 346 rempublicam
907 307 1010 343 rega-

270 361 367 394 muS,
389 358 429 386 vt
453 350 517 387 vix
542 347 656 387 vllam
686 351 765 388 eius
791 361 938 403 partem
956 361 1009 391 at-

250 405 416 453 -tingere
440 406 550 443 nobis
575 405 698 445 liceat.

323 476 390 515 An
406 478 531 516 minus
544 477 670 516 multa
680 474 842 529 senatus
865 477 1008 528 confid-

265 531 328 586 ta]
359 532 492 571 Abess'e
521 534 615 571 mihi
641 531 728 572 licet
751 531 858 571 nullo
882 537 1007 587 reipu-

264 588 386 630 blicae
425 589 576 628 damno.
620 604 698 628 non
735 591 846 638 enim,
878 592 903 629 fi
933 605 1002 641 ego

264 648 408 686 Romae
429 652 507 685 non
523 648 600 692 sim,
622 645 710 685 ideo
740 648 864 686 minus
883 648 1003 689 multa

263 701 598 749 senatus'consulta
623 705 726 745 fient.

321 774 360 813 V
356 787 443 829 rgeo
462 773 632 828 forum]
676 776 722 814 In
742 774 872 816 forum
892 776 1000 832 saepe

259 832 390 871 venio.

305 898 536 941 Scribuntur
545 904 650 955 apud
656 912 863 944 amatorem
872 905 997 960 tuum]

258 960 367 1006 Qiae
388 957 500 998 scribi
529 958 700 999 solebant
721 962 761 998 in
798 963 912 1001 curia.
943 963 998 1001 di-

256 1017 325 1055 &is
348 1014 463 1054 relata
486 1015 533 1054 de
553 1031 594 1054 re
624 1015 842 1064 sententiis,
868 1020 920 1057 ita
951 1024 995 1058 ex

254 1071 455 1111 voluntate
486 1075 597 1112 Vnius
632 1075 761 1112 omnia
787 1086 993 1123 geruntur:

253 1127 470 1168 senatorum
503 1129 708 1169 sententiae
739 1146 818 1170 non
859 1147 993 1182 rogan-

251 1196 326 1233 tur,
348 1186 409 1225 sed
430 1185 576 1225 senatus
606 1186 771 1226 consulta
791 1188 908 1228 inscio
940 1189 992 1229 se-

249 1252 342 1282 natu
360 1244 464 1282 domi
488 1243 713 1283 scribuntur.
771 1248 991 1286 Amatorem

240 1298 354 1340 'Paeti
377 1299 574 1340 Caesarem
595 1310 728 1346 vocat3
755 1302 855 1355 apud
875 1318 989 1356 quem

245 1359 474 1396 auetoritate
496 1369 532 1398 et
553 1360 673 1407 gratia
694 1357 904 1412 plurimum
923 1375 987 1400 va·

246 1412 350 1454 lebat
367 1417 511 1454 Paetus.

302 1485 395 1525 Cum
416 1489 457 1525 in
476 1497 639 1526 mentem
665 1484 788 1541 venit]
874 1490 986 1537 Qiafi

245 1552 491 1581 contemnens
504 1543 640 1582 Caesar
651 1558 729 1582 non
748 1545 899 1594 cogitat,
911 1545 985 1594 sed,

241 1612 327 1637 cum
354 1601 395 1637 in
425 1611 590 1649 mentem
620 1602 739 1647 venit,
769 1602 810 1639 in
836 1601 984 1642 senatus

239 1653 412 1695 consulto
458 1659 584 1710 pouit,
633 1656 778 1696 affuifl'e
808 1671 869 1698 me
900 1659 986 1699 scri·

237 1712 381 1753 hendo.

294 1781 361 1822 Ad
373 1782 647 1834 scribendum]
708 1785 872 1838 Opinor,
900 1785 984 1826 scri-

224 1849 346 1893 ptum
367 1839 499 1887 fuisse,
529 1851 635 1879 ADF.
667 1852 818 1882 SCRIB.
847 1843 886 1881 id
915 1846 980 1892 est,

226 1896 382 1942 *affuiffe
403 1895 612 1936 scribendo.
631 1897 676 1937 de
698 1913 776 1951 quo
802 1914 909 1939 more
926 1900 981 1940 di-

226 1955 358 2000 'ximus
395 1952 460 1993 lib.
478 1960 513 2002 8.
549 1956 652 2008 epist.
669 1961 704 2003 8.

295 2038 469 2092 Vltimis]
501 2041 578 2087 Qi
594 2052 755 2092 regnant
771 2042 812 2080 in
837 2042 977 2083 finibus

222 2095 386 2148 imperii
406 2097 580 2135 Romani.

290 2168 410 2222 Reges
436 2166 736 2221 appellauerim]
795 2169 978 2219 Fingebat

230 2223 386 2271 Caesar,
414 2234 455 2263 vt
484 2224 605 2263 adhuc
632 2221 844 2278 respublica
882 2229 977 2266 stare

230 2279 438 2329 videretur,
469 2280 616 2320 senatus
652 2281 866 2323 consultum
901 2283 974 2323 effe

507 103 737 178 pAvLisst
771 117 1069 164 MANVTII
1103 123 1624 168 COMMENTARIVS

1067 233 1208 275 fastum
1228 239 1268 277 in
1296 237 1516 279 sententiam
1536 242 1732 281 Ciceronis
1760 242 1806 283 de

1065 291 1198 345 aliquo
1249 309 1338 346 rege
1386 297 1628 352 apPellando.
1674 298 1741 339 lib.
1765 314 1808 342 2.

1066 351 1169 402 epist.
1189 360 1248 401 17.

1745 415 1803 454 Sic
1854 463 1856 465 ι

1122 406 1237 462 Qud
1267 422 1356 465 ergo
1381 408 1462 461 est?
1501 412 1648 466 tamen]

1063 463 1220 502 Coenus
1249 462 1314 504 lib.
1330 473 1365 514 8.
1403 468 1505 520 epist.
1522 481 1587 509 12.

1121 532 1348 585 PraefeHus
1373 538 1567 592 moribus]
1655 538 1803 590 Caesar,

1060 603 1176 642 quem
1213 590 1358 631 senatus
1398 597 1570 634 moribus
1608 597 1648 634 in
1688 600 1802 637 trien·

1060 648 1167 685 nium
1185 649 1434 704 praefecerat.
1481 654 1556 691 Dio
1576 651 1642 692 lib.
1657 664 1723 706 43.

1112 704 1502 747 Parebaam‘ioritati
1510 710 1619 763 tuae]
1639 712 1799 760 Faciam,

1059 760 1163 812 quod
1183 760 1335 802 suades:
1378 764 1425 802 ab
1448 766 1541 804 vrbe
1571 780 1648 805 non
1681 767 1798 808 disce-

1056 818 1156 856 dam.
1238 822 1318 857 Ioci
1347 820 1526 860 nonnihil
1555 823 1606 860 est
1639 824 1679 861 in
1709 825 1797 873 hoc,
1840 842 1844 843 ⁷

1050 873 1195 926 parebo
1205 877 1432 917 ault'oritati
1447 889 1547 917 tuae.
1579 882 1671 920 Sunt
1692 883 1795 923 enim

1055 931 1172 970 verba
1192 933 1353 972 minoris
1372 934 1418 972 ad
1439 937 1636 975 maiorem.

1108 1000 1277 1058 Fungos]
1349 1005 1483 1055 Fungi,
1504 1015 1545 1046 vt
1564 1005 1682 1047 hodie
1701 1023 1794 1063 quo-

1052 1070 1137 1109 que,
1156 1058 1256 1111 apud
1286 1070 1434 1101 veteres
1464 1065 1607 1116 optime
1635 1068 1793 1114 conditi,

1049 1115 1151 1153 inter
1172 1118 1370 1169 exquisitas
1392 1117 1520 1172 epulas
1542 1121 1791 1167 habebantur.

1051 1173 1154 1224 epist.
1174 1185 1234 1214 ιο.
1261 1184 1298 1214 et
1318 1172 1433 1228 lib.7.
1456 1177 1558 1230 epist.
1580 1179 1650 1221 26.

1105 1240 1272 1285 Domum
1274 1245 1327 1299 st
1337 1244 1490 1298 habebo]
1536 1246 1714 1302 Neapoli.

1102 1300 1150 1339 In
1168 1300 1281 1341 denos
1298 1300 1397 1357 dees]
1438 1305 1563 1352 Qiem'
1595 1304 1788 1359 sumptum

1046 1356 1086 1394 in
1115 1356 1278 1406 singulos
1315 1360 1395 1398 dies
1433 1360 1656 1413 praescribit
1693 1361 1790 1401 sum-

1045 1416 1194 1466 ptuatia
1212 1414 1286 1463 lex,
1309 1418 1452 1455 eumin
1469 1416 1597 1456 decem
1615 1418 1694 1458 dies
1715 1419 1787 1458 dis·
1842 1456 1844 1458 ,

1050 1472 1228 1512 tribuam.
1254 1474 1307 1512 ita
1331 1487 1408 1512 non
1431 1474 1548 1514 modo
1561 1489 1641 1514 nom
1657 1490 1788 1515 contra

1043 1524 1177 1576 legem,
1198 1529 1259 1569 sed
1281 1532 1394 1569 etiam
1426 1532 1527 1570 intra
1555 1530 1675 1581 legem
1697 1547 1785 1587 epu-

1044 1581 1168 1624 labor.
1252 1586 1368 1626 Tulit
1397 1601 1478 1629 eam
1501 1587 1623 1637 legem
1645 1589 1784 1630 Caesar

1041 1643 1125 1694 post
1143 1640 1285 1682 bellum
1296 1643 1528 1692 Africanum,
1538 1647 1662 1684 Dione
1683 1648 1783 1687 teste.

1040 1697 1128 1737 vide
1160 1696 1275 1753 lib.7.
1307 1703 1409 1754 epist.
1429 1701 1496 1742 26.
1534 1711 1571 1740 et
1602 1702 1715 1742 huius
1740 1701 1785 1742 li·
1869 1740 1871 1745 .

1039 1754 1100 1794 bri
1136 1758 1238 1810 epist.
1258 1756 1321 1797 vlt.
1350 1768 1387 1798 et
1408 1757 1475 1798 lib.
1500 1768 1564 1810 13.
1599 1760 1647 1799 ad
1667 1762 1779 1799 Attic.

1028 1829 1030 1831 ·
1041 1814 1144 1866 epist.
1164 1825 1204 1867 7.

1094 1885 1162 1923 Sin
1189 1886 1315 1924 minus
1348 1885 1544 1930 inuenero,
1569 1883 1673 1940 quod
1697 1887 1785 1939 pla·

1035 1941 1137 1994 τεαὶ]
1224 1943 1260 1979 Si
1283 1940 1439 1983 domum
1467 1955 1548 1980 non
1565 1945 1777 1996 inuenero,

1034 2010 1132 2049 quae
1153 1999 1309 2050 placeat.

1092 2055 1312 2109 Sullanam]
1344 2057 1388 2095 In
1410 2055 1504 2095 vrbe
1523 2054 1703 2110 Neapoli.

1094 2110 1185 2149 Non
1196 2111 1333 2162 abieci]
1356 2113 1485 2153 Adhuc
1497 2112 1619 2166 spero.
1630 2112 1698 2151 lib.
1715 2123 1774 2163 13.

1034 2168 1146 2225 epist:
1153 2179 1187 2208 Ι.
1213 2169 1265 2208 Te
1283 2168 1451 2224 abieczffi·
1468 2171 1581 2209 illam
1601 2168 1774 2221 aedfica-

1030 2227 1183 2271 tionem,
1201 2225 1396 2281 cotssabat
1416 2230 1518 2268 inter
1535 2240 1661 2267 omnes
1677 2228 1775 2266 ami·

1030 2296 1090 2322 cos
1118 2292 1216 2322 tuos.

721 2393 1146 2435 EPISTOLAE
1193 2393 1293 2434 XVI.

634 2486 742 2532 AR
776 2485 879 2531 GV
912 2486 1032 2531 ME
1068 2486 1182 2531 NT
1217 2486 1251 2528 V
1289 2483 1353 2531 M.

360 2579 544 2634 Ostendit,
567 2584 670 2624 nihil
684 2599 708 2624 a
721 2582 769 2636 fi»
786 2583 1111 2638 praetermissum,
1140 2595 1184 2624 vt
1206 2583 1522 2632 Cassarianorum
1551 2580 1766 2624 beneuolen·
1859 2584 1864 2594 ’

224 2635 417 2688 'iamfilss'
432 2643 680 2680 conciliaret:
707 2640 858 2689 deinde,
879 2656 995 2697 neque
1013 2642 1102 2682 boni
1122 2642 1230 2689 ciuis,
1252 2654 1367 2694 neque
1383 2638 1576 2691 prf'mtt's
1604 2642 1767 2680 hominis

224 2692 390 2744 efficium
409 2697 504 2746 t'nfi’
527 2695 744 2748 dcfiderari
763 2697 884 2753 poJJb:
915 2698 1111 2751 pqstremo,
1141 2697 1196 2736 ad
1217 2698 1367 2758 Papzae'if
1395 2698 1598 2736 iocationes
1615 2697 1765 2749 respon·

222 2754 300 2789 det.
357 2752 516 2803 Caesare
536 2757 696 2794 tertium
714 2765 753 2795 et
771 2753 909 2810 Lepido
926 2750 1008 2808 cqffi
1018 2755 1101 2810 post
1119 2752 1270 2808 ‚bellum
1290 2753 1540 2802 Africanum.

1556 2863 1762 2906 EXPLA·
