1881 3173
296 144 367 183 IN
395 143 509 186 CIC.
538 145 712 185 EPIST.
751 145 888 184 FAM.
927 145 1038 186 LIB.
1069 145 1114 184 X.
1153 145 1343 186 EPIST.
1375 148 1491 187 XXV.

104 256 288 303 Claudius
324 257 544 310 Marcellus,
576 247 658 298 eiu's
707 257 851 299 sororis

103 320 177 359 vir.
209 314 450 368 Phil.3.c.6.

26 369 42 379 '¹
78 389 80 391 ’
165 375 298 414 Tanta
318 374 480 425 merita]
538 373 680 414 Merita
698 375 853 414 Cicero-

70 452 74 454 *
104 433 164 473 nis
216 432 256 469 in
302 431 507 485 Qe'tauium
557 429 645 470 vide
693 430 786 470 Phil.
814 443 851 481 5.

35 503 46 510 ’·
103 505 134 530 c.
160 501 224 542 17.
251 498 287 527 et
312 494 374 536 18.
406 498 443 526 et
480 501 539 542 ¹4·
569 503 597 526 c.
621 500 658 540 9.
690 501 726 526 et
749 488 852 541 seqq.

104 548 220 588 exstat
233 548 346 584 ctiam
361 543 554 599 praeclara
578 549 629 584 M.
645 547 751 585 Bruti
776 548 854 599 epi-

30 604 42 642 i'
101 602 198 647 stola
227 602 274 642 ad
302 604 528 642 Ciceronem
557 603 702 656 ipsum,
735 614 772 642 et
801 601 854 641 al·

106 660 253 713 terassd
283 662 465 708 Atticum,
487 661 534 700 de
555 663 673 700 nimia
705 662 786 699 eius
810 662 853 699 in

35 727 38 730 '
104 721 312 762 ouauium
334 716 586 768 indulgentia.

1573 157 1655 202 701

963 259 1153 315 Exigeret
1181 272 1268 300 cum
1296 261 1355 316 eo]
1414 264 1552 311 Ageret
1571 277 1658 303 cum

910 329 970 355 eo.

965 373 1090 426 Ipsum
1112 373 1263 427 iuuero]
1307 377 1407 414 Nam
1429 376 1541 428 ipsius
1563 391 1660 430 quo·

908 443 984 484 que
1005 429 1218 483 periculum
1241 433 1387 481 agitur:
1416 434 1519 485 epist.
1535 445 1600 484 23.

966 487 1196 540 Expedztzff
1195 488 1311 542 mam]
1342 457 1658 537 x7tiliiii1xiam;a

909 546 1046 591 verbO,
1065 545 1238 598 expedit,
1260 545 1354 587 vtile
1377 548 1439 586 est.

967 602 1289 657 Dimisatiouem]
1377 605 1522 644 Contra
1561 604 1658 646 duos

909 661 1070 699 Antonii
1095 671 1132 698 et
1154 661 1289 714 Lepidi
1309 663 1509 701 exercitus.

967 716 1203 772 Africanae]
1233 720 1317 759 Lib.
1337 730 1400 761 11.
1421 722 1523 773 epist.
1536 732 1601 774 15.

566 832 997 883 EPJSTOLAE
1057 805 1192 872 icxv.

451 921 1251 973 'ARGVMENTVM.

239 1025 412 1082 Modeste
431 1022 678 1077 reprehendit
707 1025 750 1064 in
771 1024 918 1064 Furnio
931 1035 1234 1077 praeproperam
1265 1021 1531 1078 adipiscendae
1544 1031 1667 1078 pratm

104 1096 216 1128 turae
228 1083 528 1139 festinationem.

582 1195 1173 1235 EXPLANATIO.

102 1288 323 1379 Interest]
361 1290 450 1328 Erat
471 1288 575 1326 enim
600 1284 729 1325 Planci
753 1284 850 1337 lega-

164 1359 235 1387 tus.
264 1361 311 1400 ep
314 1347 368 1385 ist.
388 1352 425 1394 S.
716 1366 720 1375 ‹

159 1401 414 1456 Nauitatem]
447 1400 705 1452 Diligentiam.

134 1463 361 1502 ‘Celerituti
381 1460 611 1514 praeturae]
683 1459 848 1499 Furnius

103 1521 208 1560 enim
229 1521 390 1561 Romam
419 1519 476 1556 ire
507 1517 683 1570 cupiebat
716 1515 765 1555 ad
788 1529 851 1568 pe-

103 1577 258 1619 tendam
302 1585 535 1629 praeturam,
582 1589 668 1613 cum
715 1571 850 1613 aedilis

102 1635 277 1677 nondum
296 1631 435 1675 fuiffet
479 1642 483 1644 ·

119 1701 122 1704 ’
164 1707 200 1746 Γ
198 1720 286 1744 ama
298 1704 539 1756 scientiaque
548 1702 734 1757 omnium]
762 1704 851 1743 Seu-

103 1766 300 1816 tentinque
323 1761 503 1808 onmium,
528 1759 714 1813 placeret:
744 1758 853 1813 quod

103 1824 148 1864 in
167 1819 424 1862 Varietatibus
445 1831 467 1856 a
483 1831 556 1860 ,me
578 1816 762 1870 scriptum*
786 1831 850 1856 an-

104 1893 158 1920 no
178 1877 433 1918 MDXXXIII.
560 1872 568 1875 “

162 1945 353 2003 Comitia]
383 1947 618 1985 Praetorum.
649 1960 738 1985 nam
760 1960 848 1985 con-

0 2014 1 2019 ’
39 2036 44 2041 -
104 2005 229 2049 sulum
244 1998 434 2058 sequentis
446 2005 537 2043 anni
556 2003 756 2043 necessaria
768 2017 848 2042 non

0 2072 1 2083 ¹
32 2092 36 2096 -
105 2074 234 2105 erant:
265 2076 350 2102 cum
372 2059 526 2100 Plancus
556 2070 600 2100 et‘
613 2063 751 2100 Brutus
770 2062 848 2099 iam

83 2115 215 2162 'antea
258 2119 438 2168 designati
474 2115 592 2158 effent
630 2132 651 2156 a
689 2117 849 2158 Caesare

104 2178 322 2220 Parthicum
347 2173 491 2216 bellum
512 2178 715 2225 cogitante

162 2249 294 2306 Qmm
311 2247 498 2298 consecuti
508 2247 664 2300 summ]
722 2249 848 2295 Qiam

106 2305 328 2347 consecutus
348 2318 398 2343 ee.
416 2305 626 2344 coniunxit
648 2306 849 2356 Vtriusque

104 2363 324 2409 laudem‚vt
345 2360 517 2400 ostendat
528 2375 698 2400 amorem
717 2360 848 2400 suurn.

105 2422 318 2462 amicorum
341 2419 444 2456 enim
464 2419 606 2457 onmia
617 2420 848 2457 eommunia.

163 2490 292 2532 Multi
312 2488 510 2541 clarifflmi
526 2488 621 2542 vim]
663 2488 848 2529 Dissuafio

106 2548 154 2588 ab
175 2545 385 2599 exemplis:
409 2548 458 2585 ab
481 2544 566 2586 vtili
585 2560 695 2593 vero,
713 2543 754 2585 iu
775 2548 854 2601 pri-

107 2607 180 2646 mis
201 2603 379 2658 epistolae
403 2604 544 2643 verbis.

167 2663 259 2701 Cum
280 2660 512 2715 reipublicae
529 2657 670 2706 darent
682 2656 849 2713 operam]

109 2719 232 2759 Foris.

112 2783 113 2787 ’
169 2774 259 2814 Non
280 2770 471 2826 obierunt]
535 2775 632 2813 Non
661 2781 852 2812 venerunt

108 2830 157 2872 ad
182 2829 399 2886 petendum.

962 1286 1006 1325 Si
1025 1284 1166 1325 aedilis
1175 1280 1325 1337 fuiffis]

905 1344 1070 1382 Furnius
1091 1356 1171 1381 non
1198 1341 1338 1381 fuerat.

964 1414 1048 1468 1³<st
1068 1411 1280 1465 biennium]
1308 1417 1359 1453 Vt
1382 1422 1561 1466 praetura
1595 1427 1658 1455 ae-

907 1470 1102 1521 dilitatem,
1134 1472 1180 1510 fic
1202 1480 1421 1525 praeturam
1441 1469 1657 1512 consulatus

907 1531 990 1583 post
1009 1531 1209 1568 biennium
1238 1527 1479 1581 sequebatur.
1509 1542 1585 1582 qua
1605 1529 1654 1570 de

906 1601 948 1626 re
978 1596 1015 1626 et
1047 1586 1211 1625 diximus
1249 1584 1355 1633 alibi,
1391 1595 1429 1625 et
1471 1583 1655 1634 dicemus,

906 1647 990 1683 Deo
1010 1642 1178 1690 fauente,
1207 1641 1275 1681 suo
1296 1640 1385 1681 loco
1409 1639 1573 1695 plenius.

966 1715 1086 1754 Nunc
1108 1713 1211 1753 nihil
1231 1712 1557 1767 praetermittere]
1617 1715 1656 1755 si

907 1772 1079 1810 manebis
1099 1773 1140 1808 in
1164 1771 1378 1823 prouincia,
1403 1781 1440 1808 et
1467 1770 1514 1809 ad
1540 1773 1657 1812 comi-

906 1830 961 1868 tia
987 1829 1185 1882 praetoria
1216 1841 1295 1866 non
1317 1827 1460 1866 venies.

959 1900 1106 1940 Planco
1125 1892 1292 1952 consule]
1332 1902 1446 1937 Anno
1467 1896 1654 1952 sequenti.

963 1972 1149 2012 Rationes
1175 1968 1390 2024 expeditas]
1449 1968 1559 2010 Nihil
1583 1973 1655 2010 im·

905 2028 1067 2082 pediret,
1090 2043 1169 2083 quo
1196 2029 1324 2067 minus
1355 2029 1577 2081 piaeturam
1603 2026 1657 2067 as-

905 2086 1086 2140 sequeris.

964 2158 1058 2198 Cum
1094 2168 1205 2199 tuum
1243 2167 1401 2198 tantum
1452 2154 1678 2208 confilium‘

1383 1286 1485 1335 Ergo
1518 1283 1654 1327 aedilis

906 2214 1217 2271 iudiciumquez
1172 2214 1226 2267 s
1219 2214 1254 2268 t]
1284 2217 1384 2254 Cum
1409 2222 1477 2252 tuo
1498 2212 1655 2254 confilio
1700 2228 1710 2232 ”
1738 2212 1741 2213 ’

906 2271 1130 2325 iudicioque
1151 2282 1300 2311 tantum
1326 2269 1465 2311 valeas.

965 2342 1176 2397 Nolebam]
1233 2344 1275 2381 ‘I
1281 2340 1489 2381 estificandi
1511 2340 1670 2386 amoris,

907 2402 1039 2450 gratia.
1069 2401 1172 2453 epist.
1187 2410 1222 2453 3
1244 2409 1281 2438 et
1305 2398 1370 2439 lib.
1382 2412 1421 2440 2
1444 2398 1548 2451 epist.
1561 2410 1602 2449 4.

964 2473 1010 2511 In
1024 2473 1283 2537 perpetuitate
1314 2468 1462 2522 laudis]
1522 2471 1655 2522 Perpe-

908 2538 1012 2567 tuam
1037 2530 1141 2567 enim
1169 2525 1335 2572 laudem,
1362 2536 1500 2564 nauata
1528 2528 1656 2579 reipu-

905 2584 1028 2625 blicae
1044 2599 1176 2638 opera,
1196 2583 1450 2636 consequeris.

965 2655 1174 2710 Adhibito]
1230 2654 1435 2694 Αιίὶιιηᾶὶο.
1485 2653 1570 2694 Lib·
1588 2660 1650 2694 11.

909 2712 1013 2767 epist.
1034 2725 1075 2766 7.
1160 2713 1254 2751 Cum
1294 2708 1520 2766 adlvibug'ffi’t
1550 2707 1655 2750 domi

907 2784 1012 2809 meae
1036 2771 1164 2821 Lupus
1186 2783 1255 2807 me.

965 2824 1156 2881 Caecina]
1191 2825 1276 2864 Lib.
1288 2822 1327 2868 6.
1348 2824 1450 2877 epist.
1466 2832 1503 2918 Ξ.
1522 2873 1665 2930 lus]

1497 2894 1518 2918 a
1568 2892 1579 2912 ι
1614 2892 1633 2916 ιι
