1881 3173
184 91 275 147 624

246 202 453 258 Deterius]
485 204 548 243 Ob
564 201 759 243 insalubre
775 199 936 242 caelum.

189 264 310 316 lib.7.
334 263 435 316 epist.
449 273 517 313 24.

250 321 341 359 Non
359 318 584 366 contemnit]
637 316 735 355 Cum
765 316 855 354 ioco
882 313 938 354 di·

191 381 308 420 aum.
345 374 591 429 praediorum
623 373 726 412 enim
764 372 938 418 domini,

193 449 292 490 quae
316 447 396 472 non
432 438 693 476 contemnunt,
720 427 937 481 inspiciunt.

249 493 326 532 Per
348 489 539 537 Siciliam]
625 488 695 524 Per
726 484 939 524 Sardiniam

166 548 170 550 ’
193 550 314 595 venit,
336 557 378 586 vt
405 548 481 584 iam
498 544 675 582 diximus.

231 600 476 652 Dolabella]
531 602 568 642 P.
603 595 807 638 Cornelius
824 594 939 637 Dola-

195 662 311 709 bella,
332 661 398 712 qui
427 657 552 697 fuerat
580 657 779 694 Ciceronis
808 668 940 707 gener.

196 723 229 760 is
250 733 296 758 ex
315 716 494 756 Africano
525 711 629 754 bello
661 712 820 761 redibat,
848 714 942 752 Cae-

195 776 277 817 sare
305 787 395 813 mox
434 780 613 811 ventum.
647 767 738 808 Phil.
753 780 789 809 2.
821 785 851 808 c.
876 781 942 822 30.

199 834 276 873 Ter
303 830 539 884 depugnauit
568 827 707 877 Caesar
736 840 822 866 cum
848 829 942 866 ciui-

196 888 279 936 bus,
312 891 353 927 in
388 884 590 940 Theffidia,
625 882 775 930 Africa,
806 882 943 934 Hispa-

197 949 278 987 nia.
308 944 479 985 omnibus
497 939 618 997 qffuit
633 940 693 980 his
711 941 850 998 pugnis
861 940 942 978 Do-

172 1014 174 1016 ’
197 1001 353 1044 labella.

256 1053 511 1111 Magistrum]
580 1052 742 1092 Docebit
761 1067 836 1101 me,
867 1066 944 1105 qua

198 1117 350 1157 ratione
380 1110 549 1152 amiffam
574 1108 743 1149 Caesaris
781 1113 942 1160 gratiam

200 1185 447 1226 recuperem:
473 1181 561 1208 cum
584 1179 657 1216 ego
679 1179 769 1206 eum
786 1169 828 1206 in
858 1177 940 1207 arte

353 136 359 146 s
407 79 634 131 PAvLm
670 89 962 130 MANvTu
998 85 1520 129 COMMENTAmvs

983 194 1164 241 'oratoria
1182 201 1321 242 docere
1346 199 1480 242 solitus
1497 201 1574 240 fim.
1630 203 1736 240 Ioca—
1807 209 1810 214 ’
1880 200 1881 205 ’

993 267 1059 297 tur
1083 258 1237 307 Cicero,
1268 269 1310 299 vt
1352 258 1421 299 lib.
1441 270 1506 313 13.
1532 256 1581 296 ad
1624 260 1736 298 Attic.

993 315 1100 368 epist.
1123 326 1192 368 47.
1222 314 1432 356 Dolabella
1449 313 1593 367 firihit
1608 315 1665 365 se:
1686 315 1741 354 ad

992 385 1051 411 me
1065 371 1257 426 postridie.
1270 372 1374 414 Idus.
1385 387 1405 413 o
1417 371 1644 428 magistrum
1664 385 1740 411 mo-

992 425 1124 480 lestum
1134 430 1149 467 ,¹
1176 431 1279 482 epist.
1295 443 1306 469 ι
1317 432 1356 473 6.
1367 440 1404 469 et
1412 429 1480 471 lib.
1491 439 1531 481 7.
1554 428 1659 480 epist.
1671 425 1741 467 vlt.

995 483 1044 522 de
1063 483 1283 537 Dolabella,
1310 484 1495 542 discipulo
1526 486 1741 533 Ciceronis,

993 542 1142 580 mentio
1162 543 1218 584 fit.

1049 625 1186 667 Πολλοὶ
1228 630 1386 675 μαθηταὶ
1415 635 1610 676 κρείττονες
1650 631 1741 666 διδα-

997 688 1149 735 σκάλων]
1208 684 1325 724 Multi
1357 683 1540 738 discipuli*
1562 682 1742 723 meliores

997 744 1195 792 magistris.
1223 743 1402 781 senarius
1425 743 1477 781 est
1499 742 1640 781 veteris
1653 754 1745 793 poe-

998 809 1071 839 tae.
1126 798 1282 846 Vtilior,
1312 800 1452 852 inquit,
1482 799 1555 837 erit
1575 797 1671 836 mihi
1698 795 1743 836 il·

997 854 1073 896 lius
1098 855 1287 905 doctrina,
1316 869 1432 909 quam
1459 853 1519 894 illi
1536 865 1633 895 mea.

1057 941 1324 996 Cotgstitueris]
1359 942 1414 981 De
1432 940 1589 980 obuiam
1607 939 1744 995 itione.

1000 1009 1165 1051 vterque
1184 1000 1285 1037 enim
1306 998 1519 1037 reuertenti
1549 1010 1594 1036 ex
1618 994 1748 1035 Africa

1001 1055 1161 1096 Caesari
1186 1055 1344 1094 obuiam
1366 1055 1425 1093 ire
1447 1053 1646 1102 cogitabat.
1665 1065 1746 1105 quo

998 1111 1140 1166 spectat
1159 1110 1268 1158 illud,
1293 1108 1553 1152 dubitandum
1579 1122 1654 1149 non
1685 1107 1746 1166 ss,

1001 1172 1095 1228 quin
1117 1170 1223 1225 equis
1246 1169 1358 1209 viris.

642 1299 1139 1342 EPISTOLAE
1195 1300 1302 1341 vm.

570 1387 1389 1437 ARGVMENTVM.

340 1501 582 1550 Promifhrat
607 1499 757 1545 Varro,
786 1499 972 1556 quosdam
1001 1498 1123 1541 libros
1158 1498 1331 1540 Ciceroni
1347 1499 1394 1552 se
1425 1497 1489 1555 effi:
1515 1498 1749 1542 dicaturum.

205 1562 335 1601 Cicero
351 1571 437 1597 eum
456 1558 581 1608 promi
611 1571 624 1595 z
651 1554 840 1605 admonet,
877 1557 992 1609 missis
1022 1557 1135 1614 quqfi
1153 1555 1462 1598 admonitoribus
1489 1568 1676 1614 quattuor
1703 1558 1752 1598 li-

206 1617 287 1659 bris
307 1613 556 1656 Academicis.
614 1612 773 1664 Caesare
791 1625 976 1669 quartum
991 1615 1154 1669 consule,
1177 1612 1262 1666 fine
1288 1613 1449 1671 collega.

680 1759 1275 1803 EXPLANATIO.

212 1846 488 1936 Ostenderit]
518 1848 794 1898 Significauerit
823 1849 859 1889 se
890 1849 953 1890 da-

307 1918 446 1947 turum.
469 1904 533 1945 lib.
555 1920 584 1945 ι.
606 1908 709 1960 epist.
728 1919 760 1948 1.
784 1909 830 1948 Se
848 1922 954 1948 acer-

210 1966 351 2006 rimam
377 1966 439 2002 tui
465 1961 699 2016 defensorem
718 1963 809 2016 fore
839 1963 956 2019 osten·

209 2024 281 2062 dit.
312 2031 348 2060 et
370 2018 436 2058 lib.
458 2031 516 2070 ¹3·
537 2021 639 2072 epist.
663 2030 732 2074 41.
765 2013 957 2078 Easquae

212 2080 325 2118 initio
350 2075 548 2132 qstendz'sti.
607 2076 758 2117 Munus
780 2076 956 2119 declara·

217 2151 274 2183 re,
295 2133 395 2173 idem
416 2134 478 2171 cst.
510 2130 598 2172 vide
614 2131 729 2175 lib.2.
752 2135 908 2188 epist.2.

268 2189 447 2240 Promiffi
467 2190 543 2241 tui]
577 2190 744 2230 Fortafl'e
769 2191 890 2231 libros
911 2191 958 2232 de

212 2248 344 2297 lingua
371 2248 502 2287 Latina
523 2247 712 2295 fignificat,
742 2261 838 2301 quos
861 2251 959 2304 post·

215 2320 260 2345 ea
280 2309 402 2344 Varro
422 2303 467 2341 ad
489 2305 716 2344 Ciceronem
735 2306 844 2345 misit.

270 2363 455 2417 ἐπιτιμᾶν
475 2358 747 2416 admonitores]
769 2365 963 2411 Qattuor
1012 2377 1014 2379 ’

216 2416 337 2458 libros
377 2416 646 2456 Academicos:
692 2430 856 2473 quorum
889 2422 964 2473 pri-

217 2488 302 2514 mus
329 2474 522 2512 dumtaxat
550 2475 685 2514 exstat:
722 2474 862 2529 reliqui
886 2488 962 2516 tres

219 2530 477 2570 defiderantur
534 2531 703 2571 eiusdem
746 2535 964 2583 argtunenti

217 2586 340 2628 libros
361 2587 456 2625 duos
479 2597 587 2625 antea
615 2585 822 2643 scripserat,
850 2593 962 2630 Catu·

158 2644 161 2645 ⁷
219 2643 315 2691 lum,
335 2654 371 2682 et
395 2643 608 2683 Lucullum.
639 2647 683 2684 sic
713 2649 814 2685 enim
837 2647 966 2686 inscri-
1009 2646 1023 2654 ⁴

221 2700 357 2755 pst-rat.
412 2699 568 2739 Catulus
602 2702 772 2750 interiit,
801 2700 964 2758 superest

222 2755 415 2798 Lucullus.
443 2758 571 2809 postea
599 2758 895 2813 disputationem
920 2761 965 2803 il-

1009 1850 1086 1890 lam
1105 1852 1153 1890 ad
1170 1853 1359 1891 Catonem
1375 1853 1614 1906 Brutumque
1633 1861 1757 1892 trans·

1010 1906 1118 1948 tulit:
1150 1910 1341 1962 postremo
1368 1909 1418 1947 ad
1446 1913 1672 1958 Varronem,
1692 1913 1756 1949 At·

1012 1966 1077 2004 tici
1098 1965 1310 2004 admonitu.
1341 1978 1416 2018 qua
1444 1964 1491 2005 de
1507 1980 1549 2006 re
1577 1966 1665 2006 vide
1686 1965 1755 2008 lib.

1017 2022 1112 2075 3.ad
1126 2025 1235 2061 Attic.
1252 2022 1355 2075 epist.
1373 2033 1512 2076 1213.
1532 2035 1590 2076 14.
1610 2026 1672 2066 16.
1690 2029 1755 2071 18.

1016 2089 1081 2132 19.
1094 2090 1239 2132 2223.
1252 2088 1396 2132 2425.
1409 2081 1471 2121 26.
1489 2089 1632 2132 3543.

1070 2149 1162 2189 Non
1183 2150 1297 2189 nimis
1316 2148 1577 2200 verecundos]
1621 2151 1756 2202 Itaque

1012 2217 1158 2254 metuo,
1190 2220 1238 2245 ne
1266 2206 1493 2260 promissum
1521 2217 1630 2247 tuum
1658 2207 1758 2247 effla-
1830 2214 1842 2215 ’

1013 2274 1144 2314 guent.

1079 2347 1209 2402 Nosti]
1245 2349 1331 2388 Hoc
1349 2348 1453 2396 dicit,
1474 2349 1562 2402 quia
1572 2356 1758 2395 veterem,

1018 2418 1098 2444 non
1120 2419 1261 2445 nouam
1280 2406 1520 2445 Academiam
1532 2411 1654 2445 Varro
1671 2418 1760 2458 pro-

1017 2462 1145 2509 babat,
1184 2476 1268 2501 cum
1295 2463 1473 2502 Antiochi
1510 2461 1759 2508 Ascalonstae,

1019 2521 1184 2569 magistri
1204 2518 1272 2567 sui,
1284 2518 1506 2558 sententiam
1525 2518 1760 2572 sequeretur.

1018 2575 1085 2617 lib.
1104 2588 1162 2626 13.
1182 2576 1229 2615 ad
1245 2579 1356 2617 Attic.
1385 2578 1488 2629 epist.
1505 2586 1568 2618 12.
1586 2578 1646 2618 16.
1661 2584 1725 2627 19.

1020 2716 1107 2744 rent
1127 2703 1328 2752 affirmare,
1350 2705 1443 2743 nihil
1472 2703 1576 2757 poffe
1596 2702 1761 2756 percipi:

1021 2774 1136 2815 quam
1155 2763 1343 2802 vocabant
1374 2766 1635 2807 ἀκαταληψίανι
1665 2759 1761 2796 eius-

1645 2861 1649 2868 :
1687 2823 1763 2868 que

1080 2646 1150 2700 Os]
1194 2646 1495 2700 Impudentiam:
1533 2661 1619 2686 cum
1648 2644 1763 2684 aude·
1816 2676 1822 2681 .
