1881 3173
235 163 307 204 IN
332 163 448 203 Cle.
479 163 668 203 EPis‘r.
699 162 836 203 EAM.
877 162 989 203 LIB.
1011 162 1117 203 xm.
1155 161 1351 205 EPIST.
1373 164 1457 205 XV.

1548 169 1628 218 803

600 277 1111 318 EXPLANATIO.

174 365 352 407 aea-ilium
371 360 446 406 tibi
462 364 679 407 commendo
700 364 829 419 vnice]

180 422 339 463 canisae
359 422 445 461 sunt
466 423 578 462 huius
591 422 830 463 commenda-

84 479 203 518 tionis
229 480 346 518 duae:
376 493 540 532 quarum
569 479 688 520 altera
717 478 832 522 sumi-

86 543 148 575 tur
180 537 228 576 ab
259 536 494 576 adolescente
524 536 731 586 Praecilio,
761 538 829 590 qui

82 592 266 631 modestia
305 604 342 633 er
383 593 619 635 humanitate
659 592 828 640 excellat,

80 650 386 703 Ciceronemque
423 651 546 705 ipsum
591 651 829 702 singulariter

79 704 236 756 diligat:
265 706 383 747 altera
403 710 450 748 ab
471 711 553 748 eius
572 720 693 764 patre,
721 710 827 747 cuius

80 772 118 802 et
143 765 183 802 in
206 763 405 804 Caesarem
430 767 734 818 Ciceronemque
746 779 828 804 non

77 819 247 870 vulgaris
274 821 558 872 beneuolentia,
591 833 628 864 et
655 823 827 877 probitas

80 880 221 919 eximia
242 879 295 919 fit.
383 879 564 920 Praecilia
582 894 673 932 gens
695 889 732 918 et
751 878 829 934 ple-

78 935 181 984 beia,
203 950 273 975 uec
292 933 374 976 vllo
401 936 500 977 clara
530 935 753 985 consulatu,
779 949 828 975 ne

80 1003 262 1046 praetura
281 993 450 1047 quidem,
473 994 580 1050 quod
596 993 724 1046 sciam.

135 1078 209 1126 En,
232 1088 346 1120 ERN.
377 1079 473 1119 Hem
498 1078 560 1120 hic
585 1080 653 1120 ille
669 1078 738 1136 cst]
768 1080 829 1117 In·

77 1136 189 1184 fignis
218 1135 265 1174 ad
302 1135 540 1176 mouendum
578 1134 705 1176 loeus:
746 1146 829 1176 tum

79 1195 170 1246 quia
188 1191 311 1232 sensus
332 1193 504 1246 Praecilii
526 1203 564 1232 et
585 1193 749 1234 studium
771 1206 828 1233 er-

76 1264 124 1300 ga
156 1248 354 1290 Caesarem
389 1250 624 1291 declaratur:
660 1262 742 1290 tum
775 1260 828 1289 et-

78 1310 167 1356 iam,
187 1309 278 1360 quia
293 1309 446 1355 Cicero,
459 1322 536 1361 qua
558 1308 627 1348 fibi
644 1321 686 1348 re
707 1306 829 1347 offen-

79 1364 161 1404 sum
176 1364 375 1404 Caesarem
395 1375 515 1418 putat,
529 1367 572 1404 in
593 1380 637 1405 ea
655 1364 718 1404 dat
737 1378 831 1418 ope-

79 1435 175 1468 ram,
192 1432 233 1461 vt
253 1421 362 1460 illum
397 1423 478 1471 libi,
511 1425 655 1463 erroris
685 1419 829 1462 confes-

81 1480 196 1525 fione,
213 1477 449 1518 reconciliet.
507 1480 620 1528 Hem,
640 1476 829 1534 particula

81 1550 162 1575 non
184 1535 363 1583 duleum,
383 1534 445 1574 sed
457 1536 662 1576 indicantis
677 1537 804 1589 potius
820 1550 828 1573 ι

82 1603 124 1632 vt
141 1592 234 1633 Phil.
249 1605 285 1646 ς.
315 1595 394 1635 c.6.
426 1594 522 1633 Hem
552 1591 729 1648 cauffinl,
758 1605 830 1632 cur

82 1650 149 1690 lex
170 1661 252 1690 tam
283 1650 452 1705 egregia,
479 1661 635 1704 tamque
659 1647 829 1701 praecla-

82 1721 145 1752 ra,
158 1707 328 1750 maximo
348 1706 480 1754 imbri,
507 1705 735 1761 tempestate,
744 1719 829 1744 ven·

81 1765 147 1810 tis,
165 1762 359 1815 procellis,
377 1762 614 1810 turbinibus,
630 1764 737 1803 inter
748 1760 830 1813 ful-

82 1822 189 1861 mina
208 1830 247 1859 et
272 1821 450 1858 tonitrua
473 1820 677 1873 ferretur:
705 1829 750 1858 vt
771 1831 831 1857 eos

83 1875 230 1916 iudices
273 1875 508 1926 haberemus,
543 1891 634 1933 quos
670 1873 831 1926 hospites

83 1932 220 1974 hahere
240 1945 342 1972 nemo
361 1933 468 1973 velet.
506 1935 551 1974 Et
560 1934 772 1973 Terentius
788 1933 831 1970 in

85 1990 202 2031 Andr.
225 1990 306 2028 A&
321 2003 356 2030 2.
386 1987 433 2028 sc.
444 2000 484 2030 2.
508 2004 546 2031 v.
563 2002 627 2044 14.

143 2073 304 2126 Obsecro
332 2086 393 2124 te,
423 2090 539 2132 quam
571 2078 741 2129 primum
766 2071 832 2114 hoc

254 2145 312 2170 me
348 2131 473 2174 libera
501 2136 685 2187 miserum
707 2142 830 2185 metu.

259 2188 317 2227 D.
342 2188 423 2229 hem
434 2190 448 2228 .'

140 2245 292 2286 Libero.
330 2267 439 2278 —-·-

86 2332 136 2371 In
155 2328 314 2383 Adelph.
332 2331 414 2372 Δᾶ.
429 2344 463 2384 ς,
486 2328 532 2369 sc.
548 2342 584 2383 3.
613 2341 649 2370 v.
665 2341 705 2383 4.

281 2416 378 2455 Hem
395 2417 483 2463 tihi,

143 2487 314 2538 Rqsciuit
329 2500 473 2527 omnem
503 2498 598 2525 rem.

88 2574 135 2613 Et
153 2571 259 2612 alibi.
297 2570 478 2612 Similiter
497 2570 649 2619 Elautus
668 2572 711 2610 in
729 2569 827 2610 Afin.

88 2630 171 2670 A&
183 2641 224 2673 2.
243 2628 289 2668 sc.
300 2641 339 2681 4.
368 2642 407 2670 v.
421 2640 487 2683 39.
756 2655 760 2658 -

147 2735 255 2746 —
282 2713 405 2754 Hem!
433 2713 538 2754 non?
552 2710 605 2767 st
625 2714 737 2760 velis,
762 2709 832 2760 da,

254 2768 450 2811 commoda
472 2771 613 2811 homini
641 2772 775 2811 amico.

90 2845 138 2886 Et
151 2844 193 2884 in
208 2842 317 2896 Capt.
334 2838 542 2899 Δᾶμᾷς,
554 2853 595 2884 2·
625 2854 662 2882 v.
678 2846 747 2889 80,

941 386 1051 397 —-
1078 365 1200 406 Hem!
1226 366 1296 408 vel
1313 365 1396 407 iam
1427 368 1547 409 otium
1567 366 1628 423 est.

886 439 931 478 Et
952 435 1058 478 alibi.

941 506 1141 566 Irridere]
1164 510 1284 550 Initio
1304 508 1429 550 ciuilis
1446 509 1551 550 belli.

943 567 1013 606 Me
1054 581 1130 606 non
1180 578 1301 608 tecum
1345 568 1630 625 coniungerem]

886 624 1097 662 Coniunxit
1114 622 1151 662 se
1172 638 1257 663 cum
1277 626 1475 680 Pompeio.

942 693 1354 752 Hortorfficentffltne]
1457 696 1544 739 Lib.
1593 707 1632 748 9.

885 750 988 804 epist.
1006 763 1045 802 9.

939 807 1043 846 Ἀλλ’
1073 812 1151 855 ἐμὸν
1189 804 1213 847 i's'
1246 827 1331 848 ποτε
1363 812 1471 855 θυμὸν
1501 813 1547 847 ἐν)
1579 807 1636 852 ‘tn'-

885 867 1003 903 seem
1038 864 1191 917 ε’ᾆτειθεν]
1243 866 1315 905 Sed
1350 879 1479 906 meum
1523 879 1635 905 num-

884 934 1002 975 quam
1023 923 1194 962 animum
1215 923 1257 961 in
1289 924 1510 977 Ρεόὶοτὼυε
1550 935 1634 975 per-

884 977 1093 1019 suaserunt.
1146 982 1309 1020 Homeri
1331 979 1472 1028 versia,
1507 978 1577 1020 Oa.
1601 980 1632 1024 ιί.

883 1042 979 1089 258.

940 1106 1314 1162 Nostrorproceres]
1366 1109 1634 1163 Pompeianos.

885 1165 1062 1204 proceres
1094 1174 1207 1204 vocat
1233 1178 1319 1204 cum
1350 1167 1500 1206 ironia:
1543 1169 1634 1220 quia

885 1219 1041 1261 defendi
1058 1235 1080 1261 a
1091 1221 1128 1262 se
1138 1219 1412 1277 rempublicam
1425 1222 1638 1274 gloriaren-

886 1288 963 1318 tur.

925 1343 1109 1405 ”Ἀλ)ςιμος
1140 1350 1212 1389 ἔξιτ’
1240 1349 1293 1388 l'u
1321 1355 1375 1392 ’τίς
1402 1366 1441 1388 σε
1470 1359 1526 1389 καὶ
1559 1351 1634 1395 ὀψε·

885 1413 988 1451 *γόνων
1023 1406 1062 1446 εὖ
1089 1409 1196 1457 ε’ὶπῃ]
1226 1408 1352 1446 Fortis
1381 1407 1472 1454 esto,
1501 1418 1542 1446 vt
1570 1406 1638 1445 all·

884 1464 970 1515 quis
994 1472 1031 1502 te
1051 1473 1088 1504 et
1109 1465 1353 1518 posterorum
1375 1462 1516 1503 laudet.
1555 1467 1633 1502 Ho-

883 1534 1012 1559 merus
1031 1519 1102 1560 Οδ.
1123 1527 1158 1559 ά.
1181 1536 1218 1560 v.
1235 1532 1329 1573 302.
1351 1530 1389 1560 et
1407 1535 1494 1567 vav.
1508 1532 1606 1562 200.

937 1587 1017 1633 Ὠς
1043 1600 1167 1637 νεφέλη
1200 1596 1350 1637 ἐκάλυψε
1388 1598 1535 1637 μέλαινα
1566 1592 1635 1643 (in

886 1656 1001 1686 ERN.
1024 1646 1097 1686 hoe
1128 1648 1405 1687 hemistichium
1427 1649 1510 1701 post
1531 1650 1634 1701 prio·

886 1717 969 1743 rein
987 1702 1140 1744 versum
1161 1704 1383 1757 sequitur)]
1417 1706 1474 1744 Sic
1493 1703 1635 1757 nebula

887 1759 1097 1800 occultauit
1136 1772 1229 1801 atra.
1275 1761 1316 1801 id
1346 1763 1416 1800 est:
1462 1762 1515 1800 ita
1554 1776 1635 1800 non

888 1816 992 1865 vidi,
1022 1817 1127 1871 quod
1159 1816 1292 1858 Vtilius
1327 1818 1424 1858 mihi
1456 1816 1550 1857 fuit:
1581 1820 1635 1858 ita

887 1875 983 1913 mihi
1005 1875 1107 1928 quasi
1127 1873 1267 1915 nebula
1287 1874 1472 1928 quaedam
1504 1875 1638 1914 viden·

888 1930 928 1970 di
949 1930 1170 1972 facultatem
1183 1931 1337 1972 ademit.
1359 1931 1430 1972 0³.
1442 1931 1479 1970 ω’.
1496 1947 1532 1971 ν.
1548 1942 1636 1985 314.

946 1986 1067 2028 Iidem
1094 1998 1204 2030 ERN.
1235 1988 1359 2042 Idem]
1399 1989 1503 2028 ldem
1522 1987 1637 2028 senex

886 2044 1102 2094 Praecilius,
1121 2048 1190 2100 qui
1221 2057 1282 2085 me
1306 2045 1495 2086 irridebat
1524 2056 1638 2085 antea

888 2112 926 2142 et
946 2104 1186 2153 obiurgabat.

946 2159 1201 2210 Confhluntur
1232 2167 1347 2199 ERN.
1387 2156 1636 2212 Consblatur]

884 2217 985 2258 Cum
1003 2216 1103 2256 dicat
1125 2231 1185 2256 me
1206 2218 1278 2256 tibi
1306 2214 1379 2256 effe
1395 2215 1635 2256 cariffimum.

943 2275 996 2313 Et
1016 2276 1094 2313 iam
1123 2273 1309 2314 hominem
1340 2273 1547 2326 perusium,
1579 2274 1636 2317 in·

886 2333 1091 2381 aniQfRN.
1141 2329 1286 2377 Etiam,
1317 2329 1498 2369 homine-n
1522 2342 1636 2382 peru-

870 2383 998 2442 strm'l,
1017 2387 1226 2426 etiamnum
1257 2387 1385 2442 gloria
1413 2385 1548 2426 volunt
1580 2389 1637 2424 in-

885 2441 1061 2497 cendere]
1102 2444 1344 2487 Etiamnum,
1375 2455 1456 2482 non
1491 2441 1635 2496 placet:

887 2500 1041 2539 videtur
1061 2502 1163 2538 enim
1193 2499 1408 2545 abundare,
1443 2514 1527 2537 cum
1561 2499 1639 2537 iam

887 2556 1031 2596 dietum
1058 2557 1114 2603 fit,
1141 2557 1266 2596 etiam.
1318 2557 1472 2605 Augent
1505 2554 1637 2596 mendi

886 2611 1141 2668 suspicionem
1189 2624 1336 2651 veteres
1382 2613 1486 2651 libri.
1546 2624 1636 2650 nam

887 2683 975 2724 pro,
997 2670 1219 2716 etiamnum,
1241 2679 1318 2707 tres
1336 2667 1492 2716 liabent,
1513 2677 1550 2708 et
1579 2668 1635 2708 in-

887 2738 1047 2768 timum.-
1093 2739 1204 2772 Vnus,
1239 2736 1273 2764 et
1290 2726 1370 2765 iam
1397 2739 1496 2765 non:
1540 2725 1634 2772 duo,

887 2796 926 2825 et
955 2783 1110 2822 inanem
1121 2798 1134 2819 .·
1161 2794 1273 2828 xmus,
1294 2791 1333 2821 et
1360 2782 1492 2822 inani:
1521 2793 1633 2826 vnus,

889 2852 968 2894 quo
988 2835 1069 2877 sum
1088 2840 1174 2883 vsu·
1198 2835 1429 2891 adolescens,
1441 2836 1634 2881 vincentii

944 2898 1036 2937 Eee
1065 2907 1093 2939 2
1270 2894 1273 2897 ’
1499 2895 1632 2937 Riccil,
