1881 3173
605 126 683 175 ‘IN
712 131 829 176 CIC.
863 131 1063 175 EPIST.
1091 130 1227 172 ΕΔΜ.

87 245 430 303 Comprehendere
450 249 639 289 memoria
660 257 698 288 et
724 246 839 288 scien·

149 309 201 345 tia
622 308 739 353 6,22.
755 308 836 357 169

90 364 406 418 Comprobantur
428 362 534 401 orbis
557 363 836 401 terraeiudicio

89 436 91 439 ’
148 432 186 461 et
218 420 453 467 testimonio,
480 432 578 472 quae
600 420 772 469 gestimus
798 431 836 472 5,

88 490 94 500 ¹
410 508 412 510 ,
692 487 734 528 7,
754 487 834 516 112

88 527 261 572 conatus
291 531 416 572 adhuc
443 531 654 572 audiuntur
680 543 840 581 tantum,

145 590 285 642 optimi
305 586 364 627 illi
386 588 555 642 quidem,
578 587 640 628 sed
659 590 756 639 gesta
776 603 838 628 res

147 644 384 698 exspec'tatur
591 656 657 694 12,
673 654 738 694 10,
754 656 835 700 353

90 714 272 758 Concedo.
297 718 456 769 Nemini
475 716 656 762 concedo,
673 718 740 769 qui
759 728 837 756 tna-

146 775 271 813 iorem
294 782 338 812 ex
369 775 540 827 pernicie
573 784 611 814 et
633 775 734 827 peste
762 775 837 813 rei·

145 828 320 885 publicae
368 829 577 870 molestiam
611 830 768 870 traxerit
788 834 838 884 '4,

88 892 90 894 ’
150 898 189 940 3,
214 893 279 939 83.
310 890 456 927 nemini
479 888 662 936 concedo,
687 888 754 941 qui
767 889 837 927 tibi

145 945 328 984 vetustate
377 945 656 984 necessimdiuis
705 947 838 998 potior

89 1046 92 1050 ,
143 1001 256 1056 possit
303 1000 376 1040 erse
415 1013 480 1049 10,
503 1014 539 1055 3,
559 1012 656 1055 274,
710 1014 836 1055 neque

90 1066 92 1069 ’
147 1072 242 1097 vero
271 1069 311 1097 tu
345 1060 387 1097 in
424 1074 484 1098 me
523 1057 719 1109 diligendo
759 1060 837 1098 cui·

144 1126 258 1169 quam
278 1116 482 1155 concessisti
503 1126 657 1156 tuorum
680 1127 745 1169 15,
770 1126 835 1165 10,

146 1175 243 1226 466.
274 1172 440 1212 Concedo
460 1173 534 1212 tis-i
554 1176 633 1221 vni,
657 1183 837 1226 praeter-

147 1244 194 1270 ea
215 1231 365 1268 nemini.
447 1233 480 1268 Λ
509 1244 570 1269 me
590 1232 636 1269 fic
662 1228 836 1278 diligitur

147 1284 250 1324 filius
272 1296 369 1335 tuus,
381 1297 422 1325 vt
442 1287 515 1326 tibi
533 1288 602 1326 vni
618 1285 837 1334 concedam,

146 1353 345 1396 praeterea
373 1345 519 1382 nemini
550 1356 592 1396 4,
624 1356 662 1396 3,
695 1350 760 1396 84.
812 1343 838 1382 fi

86 1427 89 1429 Α
146 1400 233 1446 tibi,
266 1401 328 1438 cui
368 1400 501 1439 iustius
542 1400 696 1441 viderur
729 1399 840 1441 irasci

81 1476 84 1477 ⁷
149 1456 267 1510 poss'e,
289 1455 523 1504 concesserit,
559 1472 639 1497 non
667 1468 774 1511 putat
802 1456 839 1497 se

146 1512 251 1568 poffe
270 1512 450 1554 sustinere
465 1515 604 1556 causs'as
628 1514 840 1555 multorum

649 1576 688 1621 6,
702 1576 741 1621 6,
759 1583 838 1625 149

89 1639 327 1687 conciliarat
359 1642 473 1682 uobis
498 1643 700 1682 hominum
724 1644 839 1684 bene·

149 1698 363 1740 volentiam
388 1713 458 1753 per
488 1713 550 1739 me
575 1700 771 1754 quondam
801 1712 840 1740 te

145 1755 249 1796 socio
285 1755 436 1795 defensa
464 1756 677 1811 respublica
702 1765 750 1810 “4,
775 1768 842 1811 13,

151 1822 234 1855 100
278 1812 483 1853 conciliare
503 1828 589 1853 cum
607 1813 739 1868 aliquo
753 1828 841 1854 con-

147 1871 388 1910 iuncstionem
434 1885 576 1911 nouam
618 1882 657 1921 3,
682 1883 746 1921 10,
768 1883 838 1925 72.

147 1926 354 1967 conciliare
382 1937 420 1967 et
453 1927 636 1979 colligere
671 1930 840 1968 beneuo-

147 1983 305 2024 lentiam
333 1983 552 2038 aliquorum
591 1997 631 2039 9,
656 1989 719 2034 16,
742 1998 840 2039 255.

148 2040 356 2081 conciliare
387 2045 547 2095 pecunia
577 2041 746 2092 legiones
777 2057 841 2082 co.

150 2100 244 2148 gitat
281 2109 343 2147 12,
360 2110 429 2151 23,
449 2110 544 2152 371.
593 2098 840 2140 conciliatum

151 2158 348 2206 bonorum
377 2156 541 2196 studium
568 2170 613 2197 ex
641 2158 840 2196 tribunatu

659 2226 699 2264 2³
723 2217 763 2262 5³
785 2223 838 2268 35

92 2282 335 2326 concinnaui
364 2284 436 2324 tibi
472 2282 839 2338 munusculumfin,

670 2342 838 2395 162365

79 2397 301 2440 ,Concitasti
320 2394 376 2436 tui
397 2390 718 2448 exspeetationem
737 2412 778 2446 2,
801 2409 839 2447 1,

155 2467 222 2508 3¹·
271 2455 461 2494 concitare
493 2451 647 2494 seruitia
679 2467 743 2503 ιο,
771 2468 839 2509 33,

151 2522 246 2564 313·
286 2512 483 2551 Concitare
502 2507 656 2552 bellum.
739 2515 838 2553 Cum

147 2581 328 2618 magnum
350 2565 495 2607 bellum
523 2569 565 2606 in
593 2570 836 2622 Cappadocia

95 2627 98 2630 ’
150 2627 420 2671 concitaretur,
448 2634 515 2663 etc.
605 2632 670 2679 ῖς,
689 2640 730 2675 4,
748 2638 834 2680 457

92 2691 385 2735 concluduntur
406 2692 571 2734 notabili
587 2699 708 2737 exitu.
797 2697 835 2735 Si

149 2751 314 2792 notabili
334 2755 437 2790 exitu
462 2751 743 2793 concluduntur
770 2767 835 2792 an-

146 2811 281 2864 cipites
309 2810 485 2860 variique
512 2808 627 2857 casus,
661 2809 836 2864 expletur

951 243 1100 282 animus
1141 240 1426 283 iucundiffimae
1464 241 1641 285 leffionis

953 299 1150 353 voluptate
1405 312 1443 353 ς,
1470 314 1534 349 12,
1561 313 1636 345 121

894 358 1230 397 Concoenationes
1404 368 1536 411 9324,
1557 363 1637 410 268

896 415 1140 470 Concoquerc.
1159 412 1410 466 Reieae,quan1
1423 417 1642 455 nont-rmo-

952 471 1064 510 dotus
1076 485 1155 510 non
1172 470 1435 523 concoquebat
1451 482 1490 524 9,
1502 484 1542 522 4,
1555 483 1640 523 240

896 528 1106 580 Concmstaes
1144 538 1444 579 occupatwnum.
1501 531 1639 569 Venies

952 587 994 623 in
1018 585 1271 624 maximarum
1293 584 1394 637 quafi
1415 584 1641 627 concursum

951 641 1245 695 occupationum
1403 651 1446 694 7,
1470 652 1535 694 33,
1553 655 1639 696 203

895 697 1112 739 Condit-ere.
1168 699 1268 738 Cum
1287 697 1384 737 mihi
1405 699 1642 748 condixiffet,

950 757 1100 794 cenauit
1120 753 1223 808 apud
1253 768 1315 794 me
1459 766 1496 804 1,
1523 768 1564 809 9,
1586 769 1642 812 25

894 811 1080 854 Conditio
1104 825 1147 851 ea
1172 811 1326 852 videtur
1346 812 1570 866 impendere
1589 814 1642 854 le-

951 882 1063 919 gum,
1110 869 1366 918 iudiciorum,
1410 882 1642 924 temporum,

949 938 1020 966 etc.
1072 939 1110 978 ς,
1147 933 1210 975 18,
1234 938 1326 980 130.
1383 926 1554 968 conditio
1587 931 1644 970 vi·

949 982 1067 1023 vendi
1086 986 1126 1031 6,
1148 996 1218 1031 22,
1246 986 1337 1037 169.
1364 983 1522 1023 viucndi
1544 990 1645 1040 opti-

949 1055 1012 1080 ma
1034 1051 1077 1092 7,
1100 1053 1138 1094 3,
1165 1043 1256 1093 ¹76·
1291 1039 1396 1080 nulla
1417 1041 1642 1084 conditione

947 1097 1098 1137 litterae
1137 1097 1301 1150 perferri
1332 1109 1542 1151 potuerunt
1576 1114 1643 1150 10,

954 1166 1019 1208 31,
1043 1165 1139 1206 309.
1197 1152 1373 1196 conditio
1400 1156 1643 1210 commod-'ffi-

949 1226 1023 1251 mu.
1081 1211 1251 1263 Operam
1273 1210 1385 1259 da,vt
1404 1227 1519 1266 quam
1540 1228 1643 1255 com-

949 1266 1162 1307 modissima
1195 1267 1418 1309 conditione
1444 1273 1644 1321 negotium

950 1325 1127 1364 conficiat
1166 1335 1231 1377 13,
1268 1337 1333 1379 14,
1360 1339 1455 1381 393.
1513 1330 1644 1370 condi-

951 1385 1060 1422 tione
1085 1380 1300 1429 affliftiore,
1321 1397 1437 1435 quam
1464 1388 1580 1426 ceteri
1603 1391 1644 1437 6,

955 1451 993 1486 1,
1017 1450 1110 1493 14¹·
1138 1438 1362 1480 Condicione
1387 1443 1544 1483 meliore
1567 1443 1644 1499 effe.

955 1497 1045 1549 quia
1084 1509 1163 1534 non
1201 1496 1308 1536 vides
1345 1511 1405 1537 res
1454 1494 1650 1551 molestas,

953 1554 1051 1592 mihi
1071 1551 1214 1593 videris
1232 1551 1305 1592 effe
1327 1554 1491 1596 meliore
1513 1560 1645 1598 condi-

952 1611 1085 1656 tione,
1114 1623 1230 1662 quam
1262 1624 1346 1659 nos,
1368 1615 1436 1666 qui
1467 1614 1642 1656 videmus

953 1679 995 1718 4,
1017 1677 1055 1718 3,
1078 1673 1144 1718 34.
1196 1667 1436 1709 conditiones
1463 1671 1645 1715 feruntur

953 1737 975 1762 a
996 1724 1168 1771 Caesare,
1199 1734 1240 1764 vt
1278 1727 1479 1780 Pompeius
1510 1741 1572 1770 eat
1600 1733 1641 1770 in

956 1779 1182 1834 Hispaniam
1217 1791 1289 1822 etc.
1342 1787 1410 1833 16,
1453 1796 1519 1838 12,
1554 1794 1643 1842 489

900 1835 1174 1880 Condonatum.
1227 1837 1418 1881 Iudicium
1446 1848 1644 1896 potentiae

952 1893 1111 1933 alicuius
1135 1895 1396 1937 condonatum
1427 1908 1544 1952 5318,
1561 1914 1638 1955 131

877 1962 880 1965 “
899 1950 1085 1994 conduco.
1113 1951 1305 1994 Conducit
1315 1957 1530 1997 rationibus
1546 1961 1641 1999 meis

955 2021 993 2056 1,
1017 2020 1059 2061 9,
1081 2012 1147 2051 26.
1190 2009 1402 2052 conducere
1421 2026 1508 2054 tuae
1535 2015 1644 2058 laudi

953 2067 1125 2106 arbitror
1147 2076 1213 2117 13,
1233 2074 1305 2120 48,
1323 2081 1419 2122 4¹5.
1449 2085 1492 2111 ea
1511 2072 1647 2114 scribe·

953 2136 1036 2163 rem
1055 2121 1104 2162 ad
1129 2132 1179 2171 te,
1199 2138 1297 2178 quae
1313 2124 1423 2166 saluti
1446 2138 1535 2169 tuae
1551 2131 1643 2170 c‘on-

955 2181 1102 2231 ducere.
1114 2181 1327 2222 arbitrarer
1335 2197 1376 2237 4,
1388 2195 1428 2235 7,
1439 2197 1506 2238 92.
1527 2201 1646 2241 quae«

952 2251 1116 2290 cumque
1135 2235 1248 2278 saluti
1279 2238 1534 2295 dignitatique
1554 2255 1644 2285 tuae

953 2294 1166 2334 conducere
1174 2296 1317 2336 arbitra
1323 2298 1432 2345 bor,s
1428 2314 1557 2342 ummo
1569 2303 1647 2344 stu·-

954 2351 1019 2390 dio
1042 2350 1122 2390 sum
1140 2351 1309 2392 fae'turus
1415 2359 1455 2403 6,
1471 2360 1643 2413 22‚1170

895 2408 1108 2448 Confee‘mr
1126 2410 1245 2448 totius
1267 2409 1360 2450 belli
1399 2422 1646 2471 10,20,2'94

896 2464 1144 2506 conferimus
1175 2480 1293 2506 omne
1321 2469 1495 2509 nostrum
1524 2475 1640 2513 eonfi—

954 2523 1064 2570 lium,
1112 2522 1291 2572 studium,
1327 2524 1510 2575 officium,
1549 2543 1641 2584 ope·

950 2593 1057 2626 ram,
1086 2577 1289 2629 laborem,
1327 2581 1564 2633 diligentiam
1592 2588 1643 2627 ad

948 2635 1240 2690 atriplitudinem
1261 2649 1365 2679 tuam
1403 2651 1464 2688 10,
1486 2653 1523 2690 1,
1543 2654 1642 2697 272.

948 2692 1180 2732 conferimus
1221 2695 1262 2733 id
1299 2709 1415 2737 omne
1458 2696 1507 2737 ad
1539 2702 1641 2740 arbi-

948 2751 1066 2790 trium
1086 2760 1196 2789 tuum
1221 2764 1254 2800 1,
1279 2764 1320 2805 9,
1339 2764 1408 2806 27.
1449 2757 1640 2797 contulisti

947 2818 985 2847 te
1027 2817 1154 2848 totum
1191 2808 1240 2847 ad
1277 2811 1484 2851 amicitiam
1517 2828 1643 2857 meam

1490 2877 1555 2919 11,
1573 2882 1644 2925 29,
