<?xml version="1.0" encoding="UTF-8"?>
<!DOCTYPE html PUBLIC "-//W3C//DTD XHTML 1.0 Transitional//EN"
    "http://www.w3.org/TR/xhtml1/DTD/xhtml1-transitional.dtd">
<html xmlns="http://www.w3.org/1999/xhtml" xml:lang="en" lang="en">
 <head>
  <title>
</title>
<meta http-equiv="Content-Type" content="text/html;charset=utf-8" />
  <meta name='ocr-system' content='tesseract 3.04.00' />
  <meta name='ocr-capabilities' content='ocr_page ocr_carea ocr_par ocr_line ocrx_word'/>
</head>
<body>
  <div class='ocr_page' id='page_1' title='image "./commentariusinmt02manuuoft_0016.png"; bbox 0 0 1881 3173; ppageno 0'>
   <div class='ocr_carea' id='block_1_1' title="bbox 238 101 328 153">
    <p class='ocr_par' dir='ltr' id='par_1_1' title="bbox 238 101 328 153">
     <span class='ocr_line' id='line_1_1' title="bbox 238 101 328 153; baseline 0 0"><span class='ocrx_word' id='word_1_1' title='bbox 238 101 328 153; x_wconf 82' lang='grc' dir='ltr'><strong>ΧΠ</strong></span> 
     </span>
    </p>
   </div>
   <div class='ocr_carea' id='block_1_2' title="bbox 186 230 1754 922">
    <p class='ocr_par' dir='ltr' id='par_1_2' title="bbox 186 230 1754 922">
     <span class='ocr_line' id='line_1_2' title="bbox 238 230 1754 303; baseline 0.003 -21"><span class='ocrx_word' id='word_1_2' title='bbox 238 244 317 296; x_wconf 87' lang='lat' dir='ltr'><strong>vt,</strong></span> <span class='ocrx_word' id='word_1_3' title='bbox 346 230 598 286; x_wconf 47' lang='lat' dir='ltr'><strong>’omnibus</strong></span> <span class='ocrx_word' id='word_1_4' title='bbox 643 232 960 302; x_wconf 76' lang='lat' dir='ltr'><strong>elegantioris</strong></span> <span class='ocrx_word' id='word_1_5' title='bbox 991 231 1250 286; x_wconf 58' lang='lat' dir='ltr'><strong>doetrinae</strong></span> <span class='ocrx_word' id='word_1_6' title='bbox 1282 235 1442 303; x_wconf 84' lang='lat' dir='ltr'><strong>copiis</strong></span> <span class='ocrx_word' id='word_1_7' title='bbox 1473 234 1754 302; x_wconf 52' lang='lat' dir='ltr'><strong>instruetus,</strong></span> 
     </span>
     <span class='ocr_line' id='line_1_3' title="bbox 238 334 1754 411; baseline 0.004 -25"><span class='ocrx_word' id='word_1_8' title='bbox 238 334 300 387; x_wconf 85' lang='lat' dir='ltr'><strong>ad</strong></span> <span class='ocrx_word' id='word_1_9' title='bbox 339 337 670 405; x_wconf 82' lang='lat' dir='ltr'><strong>Ciceronem,</strong></span> <span class='ocrx_word' id='word_1_10' title='bbox 716 339 1035 411; x_wconf 73' lang='lat' dir='ltr'><strong>eloquentiae</strong></span> <span class='ocrx_word' id='word_1_11' title='bbox 1087 342 1394 410; x_wconf 83' lang='lat' dir='ltr'><strong>principem,</strong></span> <span class='ocrx_word' id='word_1_12' title='bbox 1455 342 1754 410; x_wconf 81' lang='lat' dir='ltr'><strong>posteritatis</strong></span> 
     </span>
     <span class='ocr_line' id='line_1_4' title="bbox 186 435 1751 505; baseline 0.004 -20"><span class='ocrx_word' id='word_1_13' title='bbox 186 486 190 498; x_wconf 27' lang='lat' dir='ltr'>i</span> <span class='ocrx_word' id='word_1_14' title='bbox 238 435 591 492; x_wconf 81' lang='lat' dir='ltr'><strong>emolumento</strong></span> <span class='ocrx_word' id='word_1_15' title='bbox 612 439 950 492; x_wconf 79' lang='lat' dir='ltr'><strong>illustrandum</strong></span> <span class='ocrx_word' id='word_1_16' title='bbox 966 453 1134 492; x_wconf 87' lang='lat' dir='ltr'><strong>totum</strong></span> <span class='ocrx_word' id='word_1_17' title='bbox 1157 439 1206 491; x_wconf 87' lang='lat' dir='ltr'><strong>se</strong></span> <span class='ocrx_word' id='word_1_18' title='bbox 1229 458 1565 505; x_wconf 79' lang='lat' dir='ltr'><strong>conuerteret,</strong></span> <span class='ocrx_word' id='word_1_19' title='bbox 1587 444 1635 492; x_wconf 87' lang='lat' dir='ltr'><strong>in</strong></span> <span class='ocrx_word' id='word_1_20' title='bbox 1661 456 1751 491; x_wconf 79' lang='lat' dir='ltr'><strong>eo-</strong></span> 
     </span>
     <span class='ocr_line' id='line_1_5' title="bbox 238 540 1750 614; baseline 0.004 -24"><span class='ocrx_word' id='word_1_21' title='bbox 238 554 336 609; x_wconf 80' lang='lat' dir='ltr'><strong>que</strong></span> <span class='ocrx_word' id='word_1_22' title='bbox 357 540 518 595; x_wconf 89' lang='lat' dir='ltr'><strong>studio</strong></span> <span class='ocrx_word' id='word_1_23' title='bbox 541 544 603 596; x_wconf 85' lang='lat' dir='ltr'><strong>ad</strong></span> <span class='ocrx_word' id='word_1_24' title='bbox 626 560 844 596; x_wconf 81' lang='lat' dir='ltr'><strong>mortem</strong></span> <span class='ocrx_word' id='word_1_25' title='bbox 869 561 1023 614; x_wconf 88' lang='lat' dir='ltr'><strong>vsque</strong></span> <span class='ocrx_word' id='word_1_26' title='bbox 1042 543 1389 613; x_wconf 81' lang='lat' dir='ltr'><strong>perseuerauit.</strong></span> <span class='ocrx_word' id='word_1_27' title='bbox 1444 546 1617 599; x_wconf 74' lang='lat' dir='ltr'><strong>”I&#39;esscs</strong></span> <span class='ocrx_word' id='word_1_28' title='bbox 1637 544 1750 596; x_wconf 78' lang='lat' dir='ltr'><strong>sunt</strong></span> 
     </span>
     <span class='ocr_line' id='line_1_6' title="bbox 236 638 1750 719; baseline 0.007 -28"><span class='ocrx_word' id='word_1_29' title='bbox 236 638 577 709; x_wconf 82' lang='lat' dir='ltr'><strong>elegantiffimi</strong></span> <span class='ocrx_word' id='word_1_30' title='bbox 597 649 702 699; x_wconf 88' lang='lat' dir='ltr'><strong>eius</strong></span> <span class='ocrx_word' id='word_1_31' title='bbox 726 649 777 699; x_wconf 90' lang='lat' dir='ltr'><strong>in</strong></span> <span class='ocrx_word' id='word_1_32' title='bbox 799 650 1060 702; x_wconf 81' lang='lat' dir='ltr'><strong>Ciceronis</strong></span> <span class='ocrx_word' id='word_1_33' title='bbox 1082 647 1308 716; x_wconf 78' lang='lat' dir='ltr'><strong>epistolas</strong></span> <span class='ocrx_word' id='word_1_34' title='bbox 1328 662 1475 719; x_wconf 82' lang='lat' dir='ltr'><strong>atque</strong></span> <span class='ocrx_word' id='word_1_35' title='bbox 1493 651 1750 702; x_wconf 84' lang='lat' dir='ltr'><strong>orationes</strong></span> 
     </span>
     <span class='ocr_line' id='line_1_7' title="bbox 237 743 1749 820; baseline -0.002 -21"><span class='ocrx_word' id='word_1_36' title='bbox 237 751 619 814; x_wconf 79' lang='lat' dir='ltr'><strong>commentarii,</strong></span> <span class='ocrx_word' id='word_1_37' title='bbox 650 767 778 820; x_wconf 91' lang='lat' dir='ltr'><strong>quos</strong></span> <span class='ocrx_word' id='word_1_38' title='bbox 807 746 886 801; x_wconf 92' lang='lat' dir='ltr'><strong>vel</strong></span> <span class='ocrx_word' id='word_1_39' title='bbox 920 750 1064 800; x_wconf 83' lang='lat' dir='ltr'><strong>vinus</strong></span> <span class='ocrx_word' id='word_1_40' title='bbox 1095 746 1280 811; x_wconf 81' lang='lat' dir='ltr'><strong>edidit,</strong></span> <span class='ocrx_word' id='word_1_41' title='bbox 1315 743 1395 811; x_wconf 82' lang='lat' dir='ltr'><strong>vel</strong></span> <span class='ocrx_word' id='word_1_42' title='bbox 1420 743 1591 805; x_wconf 78' lang='lat' dir='ltr'><strong>Aldus</strong></span> <span class='ocrx_word' id='word_1_43' title='bbox 1619 743 1749 797; x_wconf 55' lang='lat' dir='ltr'><strong>fliius</strong></span> 
     </span>
     <span class='ocr_line' id='line_1_8' title="bbox 233 850 1143 922; baseline 0 -19"><span class='ocrx_word' id='word_1_44' title='bbox 233 850 345 919; x_wconf 89' lang='lat' dir='ltr'><strong>post</strong></span> <span class='ocrx_word' id='word_1_45' title='bbox 361 865 584 906; x_wconf 89' lang='lat' dir='ltr'><strong>mortem</strong></span> <span class='ocrx_word' id='word_1_46' title='bbox 604 856 754 922; x_wconf 86' lang='lat' dir='ltr'><strong>patris</strong></span> <span class='ocrx_word' id='word_1_47' title='bbox 783 850 1072 919; x_wconf 55' lang='lat' dir='ltr'><strong>euulgssauit.⁴</strong></span> <span class='ocrx_word' id='word_1_48' title='bbox 1111 880 1115 885; x_wconf 85' lang='lat'>·</span> <span class='ocrx_word' id='word_1_49' title='bbox 1139 866 1143 877; x_wconf 86' lang='grc'>·</span> 
     </span>
    </p>
   </div>
   <div class='ocr_carea' id='block_1_3' title="bbox 178 1055 1757 2572">
    <p class='ocr_par' dir='ltr' id='par_1_3' title="bbox 178 1055 1757 2572">
     <span class='ocr_line' id='line_1_9' title="bbox 382 1055 1747 1128; baseline 0.001 -18"><span class='ocrx_word' id='word_1_50' title='bbox 382 1060 519 1110; x_wconf 88' lang='lat' dir='ltr'><strong>Inter</strong></span> <span class='ocrx_word' id='word_1_51' title='bbox 539 1059 712 1111; x_wconf 79' lang='lat' dir='ltr'><strong>omnia</strong></span> <span class='ocrx_word' id='word_1_52' title='bbox 737 1075 858 1110; x_wconf 86' lang='lat' dir='ltr'><strong>vero</strong></span> <span class='ocrx_word' id='word_1_53' title='bbox 879 1061 1066 1125; x_wconf 83' lang='lat' dir='ltr'><strong>ingenii</strong></span> <span class='ocrx_word' id='word_1_54' title='bbox 1090 1060 1422 1123; x_wconf 83' lang='lat' dir='ltr'><strong>monimenta,</strong></span> <span class='ocrx_word' id='word_1_55' title='bbox 1447 1055 1627 1128; x_wconf 84' lang='lat' dir='ltr'><strong>quibus</strong></span> <span class='ocrx_word' id='word_1_56' title='bbox 1640 1061 1747 1111; x_wconf 82' lang='lat' dir='ltr'><strong>Ma-</strong></span> 
     </span>
     <span class='ocr_line' id='line_1_10' title="bbox 235 1144 1750 1228; baseline -0.001 -23"><span class='ocrx_word' id='word_1_57' title='bbox 235 1156 406 1207; x_wconf 86' lang='lat' dir='ltr'><strong>nutius</strong></span> <span class='ocrx_word' id='word_1_58' title='bbox 429 1158 733 1210; x_wconf 85' lang='lat' dir='ltr'><strong>Ciceronem</strong></span> <span class='ocrx_word' id='word_1_59' title='bbox 757 1156 904 1209; x_wconf 86' lang='lat' dir='ltr'><strong>suum</strong></span> <span class='ocrx_word' id='word_1_60' title='bbox 924 1155 1196 1228; x_wconf 86' lang='lat' dir='ltr'><strong>illustrauit,</strong></span> <span class='ocrx_word' id='word_1_61' title='bbox 1234 1155 1599 1226; x_wconf 77' lang='lat' dir='ltr'><strong>immensasque</strong></span> <span class='ocrx_word' id='word_1_62' title='bbox 1619 1144 1750 1208; x_wconf 81' lang='lat' dir='ltr'><strong>Tul-</strong></span> 
     </span>
     <span class='ocr_line' id='line_1_11' title="bbox 233 1250 1749 1334; baseline 0.004 -24"><span class='ocrx_word' id='word_1_63' title='bbox 233 1250 392 1318; x_wconf 78' lang='lat' dir='ltr'><strong>lianae</strong></span> <span class='ocrx_word' id='word_1_64' title='bbox 436 1260 754 1334; x_wconf 75' lang='lat' dir='ltr'><strong>eloquentiae</strong></span> <span class='ocrx_word' id='word_1_65' title='bbox 784 1263 982 1316; x_wconf 85' lang='lat' dir='ltr'><strong>diuitias</strong></span> <span class='ocrx_word' id='word_1_66' title='bbox 1014 1262 1271 1317; x_wconf 71' lang='lat' dir='ltr'><strong>clarissime</strong></span> <span class='ocrx_word' id='word_1_67' title='bbox 1307 1266 1524 1330; x_wconf 81' lang='lat' dir='ltr'><strong>aperuit,</strong></span> <span class='ocrx_word' id='word_1_68' title='bbox 1557 1265 1749 1321; x_wconf 87' lang='lat' dir='ltr'><strong>eminet</strong></span> 
     </span>
     <span class='ocr_line' id='line_1_12' title="bbox 231 1368 1748 1441; baseline -0.002 -15"><span class='ocrx_word' id='word_1_69' title='bbox 231 1369 348 1426; x_wconf 64' lang='lat' dir='ltr'><strong>{hue</strong></span> <span class='ocrx_word' id='word_1_70' title='bbox 367 1370 829 1439; x_wconf 77' lang='lat' dir='ltr'><strong>praestantiffin1u8‚</strong></span> <span class='ocrx_word' id='word_1_71' title='bbox 868 1368 1206 1441; x_wconf 83' lang='lat' dir='ltr'><strong>omnibusque</strong></span> <span class='ocrx_word' id='word_1_72' title='bbox 1238 1373 1458 1431; x_wconf 83' lang='lat' dir='ltr'><strong>numeris</strong></span> <span class='ocrx_word' id='word_1_73' title='bbox 1491 1369 1748 1424; x_wconf 81' lang='lat' dir='ltr'><strong>absolutus</strong></span> 
     </span>
     <span class='ocr_line' id='line_1_13' title="bbox 232 1472 1754 1542; baseline 0.004 -20"><span class='ocrx_word' id='word_1_74' title='bbox 232 1472 534 1542; x_wconf 69' lang='lat' dir='ltr'><strong>inepistolas</strong></span> <span class='ocrx_word' id='word_1_75' title='bbox 562 1474 624 1527; x_wconf 87' lang='lat' dir='ltr'><strong>ad</strong></span> <span class='ocrx_word' id='word_1_76' title='bbox 642 1474 882 1527; x_wconf 84' lang='lat' dir='ltr'><strong>Diuersos</strong></span> <span class='ocrx_word' id='word_1_77' title='bbox 905 1478 1313 1528; x_wconf 83' lang='lat' dir='ltr'><strong>commentarius.</strong></span> <span class='ocrx_word' id='word_1_78' title='bbox 1351 1477 1498 1539; x_wconf 75' lang='lat' dir='ltr'><strong>Nam,</strong></span> <span class='ocrx_word' id='word_1_79' title='bbox 1522 1494 1640 1528; x_wconf 89' lang='lat' dir='ltr'><strong>cum</strong></span> <span class='ocrx_word' id='word_1_80' title='bbox 1661 1474 1754 1528; x_wconf 73' lang='lat' dir='ltr'><strong>ha-</strong></span> 
     </span>
     <span class='ocr_line' id='line_1_14' title="bbox 232 1573 1749 1652; baseline 0.001 -24"><span class='ocrx_word' id='word_1_81' title='bbox 232 1592 348 1643; x_wconf 85' lang='lat' dir='ltr'><strong>rum</strong></span> <span class='ocrx_word' id='word_1_82' title='bbox 369 1573 687 1652; x_wconf 69' lang='lat' dir='ltr'><strong>epistolarum</strong></span> <span class='ocrx_word' id='word_1_83' title='bbox 710 1573 929 1628; x_wconf 69' lang='lat' dir='ltr'><strong>lec‘iione</strong></span> <span class='ocrx_word' id='word_1_84' title='bbox 952 1589 1062 1628; x_wconf 86' lang='lat' dir='ltr'><strong>tum</strong></span> <span class='ocrx_word' id='word_1_85' title='bbox 1087 1577 1145 1631; x_wconf 83' lang='lat' dir='ltr'><strong>acl</strong></span> <span class='ocrx_word' id='word_1_86' title='bbox 1167 1578 1674 1631; x_wconf 76' lang='lat' dir='ltr'><strong>caeterosCiceronis</strong></span> <span class='ocrx_word' id='word_1_87' title='bbox 1690 1577 1749 1630; x_wconf 92' lang='lat' dir='ltr'><strong>li-</strong></span> 
     </span>
     <span class='ocr_line' id='line_1_15' title="bbox 178 1656 1752 1753; baseline 0.003 -22"><span class='ocrx_word' id='word_1_88' title='bbox 178 1665 182 1669; x_wconf 39' lang='lat'><strong>⁴</strong></span> <span class='ocrx_word' id='word_1_89' title='bbox 232 1676 371 1744; x_wconf 77' lang='lat' dir='ltr'><strong>bros,</strong></span> <span class='ocrx_word' id='word_1_90' title='bbox 410 1691 521 1753; x_wconf 86' lang='lat' dir='ltr'><strong>tum</strong></span> <span class='ocrx_word' id='word_1_91' title='bbox 543 1677 604 1729; x_wconf 86' lang='lat' dir='ltr'><strong>ad</strong></span> <span class='ocrx_word' id='word_1_92' title='bbox 627 1677 908 1730; x_wconf 84' lang='lat' dir='ltr'><strong>adcuratam</strong></span> <span class='ocrx_word' id='word_1_93' title='bbox 932 1656 1198 1748; x_wconf 72' lang='lat' dir='ltr'><strong>exquisitae</strong></span> <span class='ocrx_word' id='word_1_94' title='bbox 1222 1679 1476 1734; x_wconf 74' lang='lat' dir='ltr'><strong>latinitatis</strong></span> <span class='ocrx_word' id='word_1_95' title='bbox 1498 1685 1752 1750; x_wconf 83' lang='lat' dir='ltr'><strong>cognitio-</strong></span> 
     </span>
     <span class='ocr_line' id='line_1_16' title="bbox 233 1760 1754 1851; baseline 0.003 -18"><span class='ocrx_word' id='word_1_96' title='bbox 233 1760 371 1846; x_wconf 76' lang='lat' dir='ltr'><strong>nem,</strong></span> <span class='ocrx_word' id='word_1_97' title='bbox 408 1778 896 1851; x_wconf 86' lang='lat' dir='ltr'><strong>comparandamque</strong></span> <span class='ocrx_word' id='word_1_98' title='bbox 913 1777 1229 1849; x_wconf 77' lang='lat' dir='ltr'><strong>eloquentiae</strong></span> <span class='ocrx_word' id='word_1_99' title='bbox 1249 1779 1536 1835; x_wconf 70' lang='lat' dir='ltr'><strong>facultatem</strong></span> <span class='ocrx_word' id='word_1_100' title='bbox 1560 1785 1754 1838; x_wconf 83' lang='lat' dir='ltr'><strong>aditum</strong></span> 
     </span>
     <span class='ocr_line' id='line_1_17' title="bbox 233 1863 1752 1956; baseline 0.003 -21"><span class='ocrx_word' id='word_1_101' title='bbox 233 1863 487 1956; x_wconf 83' lang='lat' dir='ltr'><strong>iuuentuti</strong></span> <span class='ocrx_word' id='word_1_102' title='bbox 509 1881 701 1949; x_wconf 85' lang='lat' dir='ltr'><strong>optima</strong></span> <span class='ocrx_word' id='word_1_103' title='bbox 724 1882 918 1931; x_wconf 87' lang='lat' dir='ltr'><strong>ratione</strong></span> <span class='ocrx_word' id='word_1_104' title='bbox 939 1872 1063 1950; x_wconf 68' lang='lat' dir='ltr'><strong>fieri,</strong></span> <span class='ocrx_word' id='word_1_105' title='bbox 1094 1885 1353 1936; x_wconf 85' lang='lat' dir='ltr'><strong>Manutius</strong></span> <span class='ocrx_word' id='word_1_106' title='bbox 1375 1884 1466 1936; x_wconf 88' lang='lat' dir='ltr'><strong>suo</strong></span> <span class='ocrx_word' id='word_1_107' title='bbox 1497 1883 1644 1954; x_wconf 88' lang='lat' dir='ltr'><strong>ipfius</strong></span> <span class='ocrx_word' id='word_1_108' title='bbox 1666 1905 1752 1939; x_wconf 86' lang='lat' dir='ltr'><strong>ex-</strong></span> 
     </span>
     <span class='ocr_line' id='line_1_18' title="bbox 235 1966 1756 2067; baseline 0.005 -26"><span class='ocrx_word' id='word_1_109' title='bbox 235 1987 408 2061; x_wconf 84' lang='lat' dir='ltr'><strong>emplo</strong></span> <span class='ocrx_word' id='word_1_110' title='bbox 433 1985 703 2046; x_wconf 75' lang='lat' dir='ltr'><strong>didiciffet3</strong></span> <span class='ocrx_word' id='word_1_111' title='bbox 735 1987 786 2037; x_wconf 90' lang='lat' dir='ltr'><strong>in</strong></span> <span class='ocrx_word' id='word_1_112' title='bbox 805 1985 891 2038; x_wconf 87' lang='lat' dir='ltr'><strong>has</strong></span> <span class='ocrx_word' id='word_1_113' title='bbox 914 1966 1139 2055; x_wconf 72' lang='lat' dir='ltr'><strong>epistolas</strong></span> <span class='ocrx_word' id='word_1_114' title='bbox 1169 1990 1235 2039; x_wconf 89' lang='lat' dir='ltr'><strong>ita</strong></span> <span class='ocrx_word' id='word_1_115' title='bbox 1264 1975 1637 2048; x_wconf 80' lang='lat' dir='ltr'><strong>commentatus</strong></span> <span class='ocrx_word' id='word_1_116' title='bbox 1666 1977 1756 2067; x_wconf 69' lang='lat' dir='ltr'><strong>est,⁴</strong></span> 
     </span>
     <span class='ocr_line' id='line_1_19' title="bbox 235 2087 1755 2160; baseline -0.001 -14"><span class='ocrx_word' id='word_1_117' title='bbox 235 2108 291 2146; x_wconf 79' lang='lat' dir='ltr'><strong>vt</strong></span> <span class='ocrx_word' id='word_1_118' title='bbox 317 2089 506 2156; x_wconf 80' lang='lat' dir='ltr'><strong>omnia,</strong></span> <span class='ocrx_word' id='word_1_119' title='bbox 539 2088 890 2159; x_wconf 83' lang='lat' dir='ltr'><strong>quaecumque</strong></span> <span class='ocrx_word' id='word_1_120' title='bbox 928 2087 988 2140; x_wconf 85' lang='lat' dir='ltr'><strong>ad</strong></span> <span class='ocrx_word' id='word_1_121' title='bbox 1019 2087 1304 2155; x_wconf 82' lang='lat' dir='ltr'><strong>summum,</strong></span> <span class='ocrx_word' id='word_1_122' title='bbox 1337 2108 1440 2160; x_wconf 92' lang='lat' dir='ltr'><strong>quo</strong></span> <span class='ocrx_word' id='word_1_123' title='bbox 1483 2095 1667 2150; x_wconf 87' lang='lat' dir='ltr'><strong>Cicero</strong></span> <span class='ocrx_word' id='word_1_124' title='bbox 1699 2103 1755 2154; x_wconf 75' lang='lat' dir='ltr'><strong>in</strong></span> 
     </span>
     <span class='ocr_line' id='line_1_20' title="bbox 209 2182 1756 2258; baseline 0.003 -21"><span class='ocrx_word' id='word_1_125' title='bbox 209 2233 213 2237; x_wconf 87' lang='grc'><em>,</em></span> <span class='ocrx_word' id='word_1_126' title='bbox 236 2190 315 2243; x_wconf 85' lang='lat' dir='ltr'><strong>his</strong></span> <span class='ocrx_word' id='word_1_127' title='bbox 338 2185 555 2258; x_wconf 80' lang='lat' dir='ltr'><strong>epistolis</strong></span> <span class='ocrx_word' id='word_1_128' title='bbox 575 2182 792 2251; x_wconf 85' lang='lat' dir='ltr'><strong>excellit,</strong></span> <span class='ocrx_word' id='word_1_129' title='bbox 829 2185 1096 2238; x_wconf 84' lang='lat' dir='ltr'><strong>artificium</strong></span> <span class='ocrx_word' id='word_1_130' title='bbox 1118 2185 1545 2255; x_wconf 84' lang='lat' dir='ltr'><strong>perspiciendum,</strong></span> <span class='ocrx_word' id='word_1_131' title='bbox 1577 2192 1637 2245; x_wconf 89' lang='lat' dir='ltr'><strong>ad</strong></span> <span class='ocrx_word' id='word_1_132' title='bbox 1666 2213 1756 2250; x_wconf 87' lang='lat' dir='ltr'><strong>oc..</strong></span> 
     </span>
     <span class='ocr_line' id='line_1_21' title="bbox 237 2292 1755 2371; baseline 0 -16"><span class='ocrx_word' id='word_1_133' title='bbox 237 2300 424 2354; x_wconf 84' lang='lat' dir='ltr'><strong>cultam</strong></span> <span class='ocrx_word' id='word_1_134' title='bbox 447 2297 593 2365; x_wconf 82' lang='lat' dir='ltr'><strong>saepe·</strong></span> <span class='ocrx_word' id='word_1_135' title='bbox 617 2308 766 2366; x_wconf 87' lang='lat' dir='ltr'><strong>atque</strong></span> <span class='ocrx_word' id='word_1_136' title='bbox 785 2292 1025 2348; x_wconf 83' lang='lat' dir='ltr'><strong>latentem</strong></span> <span class='ocrx_word' id='word_1_137' title='bbox 1059 2294 1375 2364; x_wconf 86' lang='lat' dir='ltr'><strong>prudentiam</strong></span> <span class='ocrx_word' id='word_1_138' title='bbox 1405 2294 1755 2371; x_wconf 74' lang='lat' dir='ltr'><strong>detegendam,</strong></span> 
     </span>
     <span class='ocr_line' id='line_1_22' title="bbox 237 2397 1755 2470; baseline 0.004 -23"><span class='ocrx_word' id='word_1_139' title='bbox 237 2411 290 2450; x_wconf 84' lang='lat' dir='ltr'><strong>et</strong></span> <span class='ocrx_word' id='word_1_140' title='bbox 310 2400 373 2457; x_wconf 82' lang='lat' dir='ltr'><strong>ad</strong></span> <span class='ocrx_word' id='word_1_141' title='bbox 395 2417 606 2452; x_wconf 85' lang='lat' dir='ltr'><strong>omne-m</strong></span> <span class='ocrx_word' id='word_1_142' title='bbox 634 2399 851 2450; x_wconf 81' lang='lat' dir='ltr'><strong>omnino</strong></span> <span class='ocrx_word' id='word_1_143' title='bbox 886 2397 1149 2451; x_wconf 85' lang='lat' dir='ltr'><strong>Tullianae</strong></span> <span class='ocrx_word' id='word_1_144' title='bbox 1174 2400 1422 2450; x_wconf 81' lang='lat' dir='ltr'><strong>orationis</strong></span> <span class='ocrx_word' id='word_1_145' title='bbox 1457 2399 1755 2470; x_wconf 78' lang='lat' dir='ltr'><strong>elegantiam</strong></span> 
     </span>
     <span class='ocr_line' id='line_1_23' title="bbox 238 2493 1757 2572; baseline -0.007 -16"><span class='ocrx_word' id='word_1_146' title='bbox 238 2500 648 2572; x_wconf 29' lang='lat' dir='ltr'><strong>venusta-temque</strong></span> <span class='ocrx_word' id='word_1_147' title='bbox 666 2495 1070 2565; x_wconf 83' lang='lat' dir='ltr'><strong>cognoscendam</strong></span> <span class='ocrx_word' id='word_1_148' title='bbox 1091 2494 1365 2566; x_wconf 65' lang='lat' dir='ltr'><strong>pertinent,</strong></span> <span class='ocrx_word' id='word_1_149' title='bbox 1384 2493 1542 2562; x_wconf 86' lang='lat' dir='ltr'><strong>plene.</strong></span> <span class='ocrx_word' id='word_1_150' title='bbox 1564 2499 1757 2555; x_wconf 70' lang='lat' dir='ltr'><strong>exhau-</strong></span> 
     </span>
    </p>
   </div>
   <div class='ocr_carea' id='block_1_4' title="bbox 1622 2604 1758 2663">
    <p class='ocr_par' dir='ltr' id='par_1_4' title="bbox 1622 2604 1758 2663">
     <span class='ocr_line' id='line_1_24' title="bbox 1622 2604 1758 2663; baseline 0.022 -9"><span class='ocrx_word' id='word_1_151' title='bbox 1622 2604 1716 2657; x_wconf 86' lang='lat' dir='ltr'><strong>rire</strong></span> <span class='ocrx_word' id='word_1_152' title='bbox 1723 2618 1758 2663; x_wconf 81' lang='lat' dir='ltr'><strong>t.</strong></span> 
     </span>
    </p>
   </div>
  </div>
 </body>
</html>
