1881 3173
14 365 35 395 st.

13 387 67 474 t}

288 109 358 149 IN
392 108 515 150 CIC.
552 108 748 148 EPIST.
781 108 915 150 ΒΑΜ.
946 109 1059 150 LIB,
1090 109 1136 149 X.
1175 108 1368 149 EPIST.
1399 110 1480 149 XX.

115 223 190 266 bus
209 223 376 275 antiquis
396 219 526 260 libris:
547 236 733 270 errarem,
744 223 785 262 in
804 229 862 262 re-

114 278 231 334 liquis
267 279 460 319 omnibus.
493 278 599 331 quod
634 279 859 320 mendosum

115 337 190 383 ess'e
210 338 364 376 constat.
394 348 506 374 error
534 335 636 374 enim
665 335 731 376 ille
751 337 858 377 Plan·

113 397 161 442 ci,
180 408 259 433 non
278 393 491 440 Ciceronis,
509 390 599 432 fuit:
629 405 665 433 et
686 409 742 441 ea,
755 408 854 448 quae

95 451 344 505 sequuntur,
369 459 502 503 aperte
532 464 704 490 errorem
732 450 857 492 Planci

43 516 61 555 ᾖ·
109 507 311 549 declarant.
359 519 470 554 nam,
495 508 586 559 quia
622 511 771 562 turpius
805 512 856 549 est

109 565 245 619 decipi,
256 578 369 618 quam
391 576 543 608 errare;
566 579 653 604 cum
669 580 852 615 erremus,

51 618 63 658 l·
106 634 150 664 vt
172 624 351 669 humani3
382 620 629 674 decipiamur,
656 633 700 662 vt
722 625 850 663 incau-

48 719 51 722 ,
104 682 158 720 ti:
188 689 391 734 propterea
423 676 600 718 Plancum
626 678 787 727 excusat,
816 691 854 720 et

47 731 54 792 ⁸·
105 737 209 792 quasi
235 734 475 780 consolatum
525 735 630 789 quod
663 739 852 777 errauerit

105 793 275 848 quidem,
287 795 376 846 quia
391 792 595 833 crediderit
614 792 650 832 se
661 791 733 832 effe
742 794 861 835 bono.

39 874 52 894 ,·,
75 889 84 898 ,
102 851 251 905 Lepido
283 849 458 895 vsurnm;
509 849 687 904 deeeptus
718 860 846 890 tamen

42 944 46 951 ,
102 923 182 948 non
229 907 284 956 fit,
323 909 413 960 quia
455 906 659 960 prudentia
689 907 844 947 valeret.

101 968 305 1010 Praeterea
333 965 495 1005 verbum
526 964 698 1017 volzszsti,
740 963 845 1009 Plan·

35 1039 44 1065 ,ι
101 1038 188 1063 eum
206 1021 343 1062 liberat
364 1019 703 1075 abimprudentiae
720 1020 843 1076 culpa.

33 1082 48 1107 ν’
98 1080 193 1135 ipse,
212 1080 359 1132 inquit,
388 1092 518 1116 errare
543 1077 722 1132 voluisti,
756 1094 844 1119 cum

55 1179 58 1182 ,
98 1152 143 1177 ea
173 1136 323 1191 sperasti
345 1134 390 1174 de
412 1134 583 1189 Lepido,
624 1149 722 1189 quae
750 1150 842 1177 vera

46 1229 48 1237 ,
78 1193 170 1235 effe
193 1194 393 1247 cupiebas:
421 1207 501 1231 non
525 1204 562 1232 te
574 1195 778 1247 quisquam
800 1196 842 1233 in

53 1283 64 1293 ,
97 1265 272 1292 errorem
295 1250 468 1288 induxit:
498 1248 621 1304 decipi
638 1253 741 1290 enim
760 1265 841 1290 non

95 1320 219 1364 potes.
247 1306 322 1346 Alii
342 1308 508 1346 retinent
518 1321 706 1356 errarem,
717 1310 841 1348 aiunt-

95 1380 171 1419 que
206 1364 328 1404 libros
363 1378 497 1403 omnes
525 1366 567 1403 in
606 1379 653 1404 eo
687 1376 838 1406 veteres

94 1421 327 1462 consentire:
354 1431 404 1468 et,
424 1423 514 1474 quia
534 1420 759 1462 sententiam
781 1424 838 1462 vi-

89 1478 183 1520 dent
214 1477 299 1518 elici
338 1478 579 1518 commodam
607 1494 688 1518 non
718 1479 837 1534 poffe,

34 1568 39 1589 3
91 1551 139 1577 ex
159 1535 291 1589 aliquo
319 1534 472 1575 fortasse
503 1548 617 1590 poeta
644 1535 836 1591 sumptum

92 1592 442 1635 comminiscuntur.
501 1593 617 1642 Qod
646 1594 695 1634 ad
715 1593 836 1633 libros

88 1653 240 1698 attinet,
260 1650 339 1689 dixi
359 1652 435 1688 iam
455 1649 552 1689 duos
575 1650 662 1698 esse,
692 1653 734 1704 in
756 1653 833 1704 qui·

90 1710 178 1755 bus,
199 1720 343 1754 errare,
355 1720 449 1754 non,
460 1709 643 1756 errarem,
653 1707 835 1762 scriptum

90 1766 166 1804 est:
204 1765 336 1816 itaque
365 1761 471 1802 nulla
498 1763 560 1804 hic
589 1774 680 1804 vtor
707 1766 836 1805 conie-

93 1824 224 1862 ftura:
254 1819 394 1873 sequor
414 1830 451 1860 et
479 1823 718 1874 antiquitatis
739 1822 836 1862 testi-

93 1880 283 1925 monium,
301 1888 339 1916 et
357 1876 578 1917 sententiam
596 1878 834 1932 ipsam,quae

89 1948 243 1983 errare,
277 1933 465 1989 postulat3
507 1950 704 1984 errarem,
729 1950 835 1975 recu-

92 1992 168 2032 sat:
195 1990 418 2046 praesertim
446 2005 532 2030 cum
561 1991 752 2047 sequatur,
768 1992 835 2047 sie

92 2049 241 2102 decipi.-
279 2048 386 2103 quod
423 2047 471 2087 ad
489 2047 585 2088 illud
608 2052 834 2104 opponitur,

93 2116 140 2147 vt
159 2119 307 2146 errare.
365 2103 532 2145 Auufiffe
562 2121 657 2147 vero
673 2109 835 2146 Cicero-

94 2177 183 2203 nem
201 2161 248 2200 ad
271 2161 397 2201 locum
418 2162 575 2202 alicuius
597 2174 731 2218 poetae
752 2178 835 2218 per-

94 2218 305 2269 vulgatum,
335 2218 412 2273 ipsa
434 2221 569 2269 verba²
597 2235 699 2275 quae
714 2222 834 2274 poeti-

97 2291 183 2316 cum
221 2274 319 2315 nihil
349 2275 477 2323 olent,
512 2280 656 2331 opinor
689 2279 835 2317 nemini

95 2332 361 2389 persuaserint.
419 2334 536 2385 Qod
552 2337 578 2374 fi
604 2337 679 2383 cui,
700 2350 836 2375 errare

96 2390 153 2437 id,
175 2404 245 2443 pro
267 2403 403 2430 errare
422 2392 463 2430 in
482 2406 536 2439 eo,
571 2393 748 2432 videatur
769 2391 836 2432 du·

86 2449 198 2488 Arius:
225 2461 304 2485 non
324 2445 396 2486 effe
425 2446 598 2488 diffimile
625 2449 727 2497 sciat,
756 2462 840 2502 pec·

96 2517 185 2546 care
205 2504 352 2554 multa‚·
388 2518 461 2557 pro
473 2508 515 2545 in
535 2505 687 2546 multis:
714 2517 751 2546 et
771 2507 839 2544 hu-

99 2563 159 2600 ius
189 2562 336 2609 generis
370 2561 456 2600 alia.
544 2562 662 2613 Qud
694 2565 720 2602 fi
751 2563 837 2616 quis

100 2619 315 2657 mutatione
349 2617 578 2664 delectatum
618 2623 669 2659 ita
696 2621 842 2674 poterit

99 2673 251 2722 legere:
278 2688 425 2722 verum,
436 2687 477 2716 vt
498 2690 639 2721 errare,
653 2680 704 2715 mi
725 2677 841 2717 Plan-

102 2745 157 2776 ce,
181 2729 343 2779 voluisti.
372 2746 446 2771 vna
475 2735 577 2772 enim
606 2743 752 2784 tantum
782 2732 843 2773 lit-

101 2797 185 2829 tera
214 2784 386 2837 tollitur,
433 2788 461 2829 fi
490 2803 546 2840 ex,
583 2804 756 2832 errarem
786 2788 845 2840 id,

1587 111 1669 164 695

918 221 1025 275 quod
1047 224 1100 262 est
1133 222 1174 261 in
1203 219 1396 276 plerisque
1427 224 1594 277 antiquis
1619 222 1668 263 li·

915 280 1009 328 bri5‚
1032 281 1110 327 fiat,
1137 294 1277 318 errare
1306 281 1369 318 mi.
1408 291 1449 319 vt
1475 283 1664 328 omittam,

914 336 1021 390 quod
1045 351 1123 376 vno
1145 338 1261 375 etiam
1284 336 1324 374 in
1351 335 1453 376 libro
1475 340 1536 385 est,
1554 353 1661 377 erra·

915 408 999 434 rem
1013 397 1080 436 mi.
1172 394 1212 432 V
1209 393 1352 445 alutsti,
1389 408 1462 447 pro
1493 395 1659 447 voluisti,

915 452 1082 502 Faernus
1102 449 1264 499 legebat,
1285 451 1403 490 homo
1425 451 1657 501 ingeniosus,

912 522 1049 547 verum
1069 509 1313 548 coniecturae
1342 508 1535 547 interdum
1570 508 1657 548 suae

884 567 1073 622 ‚nimium
1093 563 1306 615 indulgens.
1366 567 1458 615 Ego,
1486 567 1511 604 fi
1542 564 1657 605 disce-

909 623 1076 662 dendum
1097 623 1158 661 hic
1175 621 1265 662 effet
1286 622 1509 677 abantiquis
1523 621 1654 667 libris:

906 679 1011 732 quod
1032 681 1191 718 minime
1211 678 1457 719 necessarium
1479 679 1655 726 videtum

904 735 998 788 quid
1023 737 1125 775 enim
1147 736 1242 775 mihi
1262 736 1419 790 place'at,
1441 740 1517 776 iam
1529 739 1651 777 osten-

904 792 967 830 di:
993 802 1134 840 tamen,
1156 807 1288 833 errare
1309 794 1480 848 valtq'sti,
1509 796 1647 849 proba·

900 863 942 889 re
974 864 1054 888 non
1075 848 1231 902 poss‘em.
1294 852 1436 891 Valere
1460 855 1576 900 enim,
1607 862 1646 892 et

895 904 1005 960 peffe,
1026 906 1210 946 differunt
1228 908 1267 945 in
1287 908 1372 955 hoc,
1392 909 1482 961 quia
1497 908 1590 962 poffi·
1607 920 1644 948 et

898 963 947 1003 ad
967 965 1067 1005 vires
1087 966 1264 1018 pertinet,
1281 975 1318 1005 et
1349 964 1396 1004 ad
1419 960 1565 1005 casum:
1594 967 1641 1006 ad

898 1022 1014 1069 vires,
1032 1021 1117 1062 satis
1139 1032 1296 1061 notum:
1326 1021 1374 1061 ad
1403 1020 1540 1069 casum,
1569 1023 1643 1062 hoc

898 1079 1041 1119 modo:
1065 1079 1182 1133 potest
1196 1093 1345 1127 errare,
1377 1081 1554 1132 quamuis
1582 1095 1647 1119 ex-

896 1134 1008 1176 cellat
1031 1135 1254 1190 prudentia:
1283 1138 1413 1177 valere
1433 1149 1574 1184 autem,
1595 1136 1642 1176 ad

896 1195 999 1233 vires
1028 1193 1236 1242 interdum,
1276 1193 1324 1233 ad
1366 1192 1491 1233 casum
1530 1208 1639 1233 num-

895 1264 1013 1304 quam
1032 1250 1213 1291 refertur.
1244 1265 1312 1290 nec
1333 1264 1485 1299 vereor,
1516 1262 1557 1291 vt
1582 1266 1640 1291 re-

895 1307 1007 1348 fellar
1024 1307 1218 1362 exempli&
1240 1308 1303 1347 hic
1323 1318 1465 1355 autem,
1494 1309 1519 1348 fi
1540 1307 1638 1358 lega-

896 1375 971 1413 tur,
991 1376 1034 1406 vt
1052 1380 1189 1406 errare
1201 1365 1367 1420 voluisti,
1389 1365 1511 1405 casum
1531 1367 1639 1416 figni-

894 1424 1002 1463 ficari
1020 1425 1105 1477 quis
1124 1436 1205 1461 non
1241 1423 1369 1462 videt}

949 1496 1081 1535 Etiam
1111 1495 1189 1534 iam
1222 1496 1368 1535 erroris
1400 1492 1525 1549 caussa
1546 1492 1640 1544 snb·

888 1552 977 1594 lata
996 1550 1065 1605 est]
1112 1553 1206 1591 Non
1245 1551 1364 1591 modo
1408 1552 1531 1605 decipi
1558 1565 1636 1589 non

890 1620 1025 1664 potes,
1053 1622 1190 1648 verum
1220 1623 1290 1647 nec
1324 1622 1454 1648 errare
1478 1608 1634 1661 quidem

892 1664 1071 1720 amplius.
1100 1679 1203 1712 nam,
1232 1667 1323 1717 quia
1350 1664 1467 1705 ‘semel
1491 1666 1633 1710 errasti,
1660 1667 1663 1671 ’

855 1763 857 1766 ⁴
892 1732 1119 1777 propterea,
1148 1723 1290 1761 iterum
1337 1733 1379 1762 vt
1407 1736 1509 1761 erres
1554 1736 1635 1761 non

891 1780 1118 1826 committes,
1136 1778 1356 1818 admonitus
1377 1778 1527 1829 vulgari
1550 1792 1638 1833 pro-

891 1837 1043 1883 verbio,
1070 1849 1150 1888 quo
1194 1835 1426 1889 reprehendi
1459 1835 1555 1875 solet
1590 1838 1637 1884 is,

891 1895 958 1947 qui
982 1894 1040 1934 bis
1066 1891 1115 1932 ad
1138 1893 1302 1933 eundem
1332 1892 1496 1947 lapidem
1516 1891 1637 1933 offen-

891 1951 960 1992 dit.
1039 1951 1217 1990 senarius
1246 1953 1411 1990 Graecus
1441 1950 1488 1989 de
1514 1949 1636 1990 altera

888 2007 938 2048 ad
971 2007 1135 2048 eundem
1172 2005 1337 2061 lapidem
1374 2005 1586 2047 offenfione
1615 2020 1637 2047 a

891 2065 1094 2106 Zenodoto
1130 2066 1233 2104 inter
1268 2064 1400 2115 adagia
1444 2064 1633 2104 refertur:

893 2124 960 2166 Δὶς
987 2129 1070 2171 πρὸς
1090 2130 1146 2160 τὸν
1175 2128 1278 2161 αὐτὸν
1302 2129 1444 2170 σεῖο-χρὸν
1465 2118 1633 2169 εἷσκςέειν

891 2184 998 2219 λίθον.
1079 2178 1209 2218 Simile
1237 2177 1338 2235 illud
1363 2177 1487 2218 Publii
1525 2178 1634 2217 mimi

888 2236 991 2291 apud
1010 2234 1178 2276 Gellium
1198 2234 1265 2277 lib.
1285 2250 1347 2289 ¹7·
1368 2251 1398 2275 c.
1415 2231 1475 2286 121..
1499 2246 1536 2274 et
1552 2236 1635 2274 Ma-

866 2324 869 2334 η.
891 2296 1068 2336 crobium
1088 2292 1154 2332 lib.
1169 2306 1205 2334 2.
1235 2294 1384 2333 Saturn.
1406 2307 1435 2331 c.
1452 2303 1491 2345 7.

1003 2363 1174 2418 Improbe
1181 2394 1194 2411 ‚

952 2423 1174 2476 Neptunum
1203 2420 1372 2470 accusat,
1401 2421 1468 2475 qui
1494 2418 1638 2476 iterfme

1008 2515 1010 2517 .
1060 2478 1313 2534 naufragium
1332 2477 1451 2529 facit.

895 2554 941 2590 Et
957 2548 1054 2589 illud
1074 2551 1229 2589 Horatii
1246 2552 1288 2588 in
1316 2546 1474 2603 epistola
1503 2545 1550 2586 ad
1577 2545 1635 2584 Pi-

895 2607 1004 2648 sones
1026 2616 1172 2660 v.355.

950 2699 1059 2711 —-—
1091 2674 1340 2717 citharoedus

955 2732 1138 2782 Rideam
1163 2732 1304 2773 chorda
1327 2732 1395 2788 qui
1409 2730 1556 2782 semper
1577 2726 1639 2765 ob·

1066 2800 1177 2832 errat
1198 2788 1345 2833 eadem.
1386 2830 1389 2833 .

899 2848 972 2888 Xx
997 2858 1028 2901 4
1062 2892 1070 2893 ἶ
1465 2841 1642 2893 Saepius}
