1881 3173
51 266 293 310 Exulceratae
313 276 374 305 ren

77 1120 236 1160 Facinus
253 1117 377 1158 facere

507 148 577 189 IN
603 146 719 187 cle.
755 141 952 186 EPIST.
984 138 1123 180 EAM.

403 377 444 416 F,

56 493 270 594 Fabula.
329 493 442 541 Qiafi
492 488 620 532 fabuia
666 503 796 533 rerum

159 559 462 603 euentorumque
502 550 718 588 nostrorum
761 559 801 600 5,

856 515 1084 555 factitatum

647 270 684 306 1,
709 268 746 305 1,
768 268 790 310 3
849 254 982 297 Fama
1002 248 1216 293 contraria.
1267 251 1300 288 A
1321 247 1510 288 contraria
1539 247 1592 287 fa-

906 314 1034 353 &ione
1067 308 1230 346 nummis
1264 307 1424 358 acceptis
1457 312 1497 353 g,
1527 317 1596 358 ις,

911 381 1006 422 233.
1045 365 1249 404 fafflonem
1275 364 1485 402 testamenti
1513 375 1596 401 nou

908 427 1050 466 habere
1376 431 1417 471 7,
1431 431 1456 460 2
1468 433 1476 457 ι
1486 447 1499 466 ,
1514 430 1596 472 192

1358 507 1602 558 12,21‚369

627 617 677 647 12
720 616 739 645 1
755 615 796 645 ³1
860 598 1031 641 Facultas
1051 594 1206 634 alterius
1225 589 1448 630 consolandi
1465 603 1506 643 4,
1534 601 1604 642 13,

59 663 248 705 Faceffere
286 661 399 702 alicui
448 664 644 714 negotium
675 675 713 715 3,
738 671 804 706 10,

779 729 807 756 0

64 780 242 818 facetum
272 775 426 816 videtur
455 776 671 821 Trebonio,
700 728 808 827 qui7d·

126 835 219 888 quid
239 835 333 872 dixit
353 835 489 873 Cicero
570 837 805 885 15,21‚478

71 891 266 933 Fae-litus.
313 894 398 939 Qua
430 888 622 936 facilitate,
643 903 717 941 qua
744 889 809 925 hu-

129 951 309 988 manitate
332 949 531 999 Pompeius
552 946 639 985 tulit
656 956 810 984 conteu-

925 668 1015 697 100.
1045 651 1202 691 facultas
1223 650 1410 688 orationis
1441 645 1608 686 exaruis-

922 713 989 759 set,
1012 711 1091 756 niii‚
1114 723 1179 747 etc.
1208 718 1248 759 9,
1269 712 1331 752 18,
1352 708 1448 748 260.
1489 702 1610 744 facui-

923 781 1038 810 tatem
1061 778 1236 814 magnam
1264 763 1380 801 habes
1412 760 1470 800 illi
1505 775 1610 801 com-

924 823 1104 866 modandi
1127 835 1171 861 ex
1195 834 1240 859 eo
1272 817 1613 865 senatusconsulto,

926 882 1029 937 quod
1058 880 1199 920 fac-“tum
1234 878 1297 924 est,
1326 887 1395 916 etc.
1438 887 1503 928 13,
1540 887 1616 928 72,

1529 944 1619 985 430

131 1008 278 1045 tionem
325 1006 520 1043 Ciceronis
562 1017 634 1057 pro
666 1002 812 1040 Milone
873 1013 972 1051 faex
999 1016 1100 1047 tanta
1125 1005 1175 1044 est
1194 1007 1234 1044 jn
1255 1005 1350 1044 vrbe
1386 1015 1415 1057 7
1455 1015 1620 1056 32202

647 1132 686 1162 2·
704 1129 743 1169 92
766 1126 819 1167 39

82 1179 185 1217 Facit
207 1175 301 1215 risus
325 1183 362 1224 8,
382 1188 421 1226 9,
440 1187 535 1216 221.
590 1173 662 1213 feci
684 1172 823 1212 sermo-

139 1249 226 1274 nem
261 1238 360 1272 inter
399 1247 468 1270 nos
520 1232 692 1270 habitum
722 1242 760 1282 9,
785 1233 824 1275 8,

141 1305 237 1346 244.
282 1290 370 1329 fecit
397 1291 491 1327 mihi
514 1289 604 1327 haec
628 1302 688 1327 res
715 1289 827 1325 timo-

143 1364 224 1390 rem
252 1360 315 1395 10,
343 1353 408 1394 18,
434 1358 530 1397 292.
570 1345 627 1384 fae
658 1358 729 1383 nos
752 1355 830 1381 cer-

145 1410 261 1448 tiores
284 1416 370 1444 tuae
392 1404 599 1441 voluntatis
614 1404 654 1440 in
674 1415 744 1440 nos
766 1409 832 1445 ΙΙ,

148 1478 189 1511 2,
212 1475 305 1516 317.
358 1460 496 1499 faceret
525 1462 672 1498 animos
714 1457 836 1495 homi-

151 1536 243 1562 num
275 1521 463 1565 firmiores
504 1517 690 1555 aduentus
730 1525 836 1552 meus

156 1592 221 1632 15,
245 1590 282 1624 2,
304 1588 398 1629 453,
447 1576 514 1626 qui
542 1573 709 1612 facerent
736 1583 842 1624 prae-

156 1637 326 1678 conium,
356 1632 582 1670 vetabantur
608 1629 680 1668 esse
709 1632 748 1668 in
782 1627 845 1664 de-

157 1691 379 1732 curionibus
411 1692 452 1734 6,
488 1695 553 1735 18,
575 1690 668 1739 164.
724 1685 848 1724 facere

159 1748 305 1801 aliquid
352 1749 390 1784 in
446 1746 644 1783 hominem
701 1741 850 1780 calami-

161 1806 284 1848 tosum
336 1815 410 1854 13,
444 1805 520 1847 66,
550 1803 648 1853 426.
726 1798 850 1838 facere

163 1864 331 1916 aliqu-:m
385 1873 492 1897 reum
556 1865 604 1907 8,
648 1870 722 1909 14,
759 1865 851 1908 230.

166 1921 290 1962 facere
330 1918 443 1955 castra
482 1926 546 1968 15,
576 1928 617 1967 4,
648 1924 745 1966 457.
803 1911 856 1949 fa-

169 1992 254 2019 cere
303 1983 432 2014 contra
492 1974 657 2024 aliquem
720 1976 757 2017 8,
789 1970 856 2013 16,

172 2048 267 2089 234.
295 2032 418 2072 facere
430 2029 609 2068 damnum
629 2039 670 2080 7,
686 2038 748 2079 33,
761 2036 857 2076 203.

174 2093 297 2134 facere
318 2088 612 2128 embaeneticam
645 2090 683 2132 8,
702 2095 737 2130 1,
763 2083 858 2123 206.

175 2151 300 2190 facete
337 2144 495 2184 modum
537 2140 691 2192 lugendi
732 2152 768 2192 5,
794 2139 860 2184 16,

182 2213 275 2254 128.
323 2204 462 2243 Facere
485 2199 680 2240 iudicium.
719 2202 767 2235 Vt
786 2195 862 2248 pri-

179 2277 285 2304 mum
310 2273 378 2314 per
407 2267 569 2297 aetatem
599 2254 784 2294 iudicium
811 2250 865 2289 fa-

181 2335 266 2362 cere
302 2317 470 2371 potuisti,
505 2315 639 2367 quanti
665 2312 736 2351 tibi
766 2309 866 2362 quis-

184 2392 259 2432 que
279 2373 472 2414 faciendus
493 2369 595 2418 effet,
624 2382 694 2420 ego
713 2382 734 2406 a
770 2377 806 2405 te
827 2366 869 2402 in

185 2437 319 2491 primis
369 2439 523 2482 coeptus
561 2427 641 2466 sum
671 2422 870 2465 obseruari

191 2504 258 2544 13,
279 2502 348 2543 29,
368 2490 465 2540 406.
506 2484 631 2524 facere
659 2484 802 2522 ostenta
833 2485 872 2527 8,

194 2562 262 2602 14,
284 2549 377 2600 231'.
447 2544 588 2583 Facere
631 2538 873 2580 medicinam.

193 2607 324 2645 Statim
343 2604 396 2642 ita
413 2600 495 2639 sum
514 2598 660 2638 leuatus
672 2626 685 2645 ,
713 2605 755 2635 vt
779 2593 875 2632 mihi

195 2662 288 2702 deus
321 2658 459 2711 aliquis
493 2654 719 2696 medicinam
752 2647 876 2691 feciffe

196 2718 372 2760 videatur
393 2726 458 2767 14,
475 2725 518 2766 7,
538 2723 637 2765 443.
689 2710 879 2750 fafiurum

197 2786 237 2817 te
252 2774 382 2816 scribis
404 2772 549 2818 omnia,
568 2778 610 2810 vt
627 2768 802 2809 conficias
820 2777 882 2802 ne-

200 2834 350 2886 gotium
368 2829 497 2873 fxatxis
731 2833 768 2874 1,
781 2832 819 2876 9,
828 2830 883 2872 27

941 2873 1031 2917 ΖΗ
1056 2880 1086 2913 2

620 1073 657 1112 3³
681 1071 744 1103 10,
760 1070 819 1111 74
877 1082 1001 1123 Fullo·
1050 1079 1130 1118 Nifi
1153 1076 1246 1129 quid
1271 1090 1331 1114 me
1350 1073 1448 1114 fallit
1499 1087 1531 1121 ε,
1551 1085 1624 1121 20,

939 1148 1031 1189 135.
1076 1135 1101 1173 si
1121 1134 1214 1186 quid
1244 1146 1343 1171 nunc
1364 1147 1424 1170 me
1451 1129 1548 1170 fallit
1584 1132 1629 1168 in

938 1190 1139 1232 scribendo
1164 1188 1319 1243 (procul
1340 1191 1441 1227 enim
1471 1189 1630 1226 aberam

940 1251 988 1289 ab
1009 1262 1050 1287 re
1069 1246 1149 1301 ipsa
1173 1259 1208 1286 et
1234 1260 1254 1284 a
1283 1245 1397 1296 locis)
1427 1256 1496 1285 etc.
1531 1257 1564 1296 3.
1592 1256 1633 1297 5,

944 1313 996 1357 58
1068 1303 1164 1343 nihil
1183 1305 1344 1342 omnino
1363 1313 1398 1342 te
1429 1301 1568 1341 fefellit
1590 1313 1634 1353 9,

945 1377 986 1410 2,
1015 1369 1111 1415 238.
1169 1360 1264 1399 nihil
1293 1374 1368 1398 nos
1393 1361 1433 1398 in
1471 1360 1529 1397 his
1559 1369 1638 1398 tam

948 1419 1118 1459 Obscuris
1158 1421 1271 1457 erUS
1305 1430 1487 1468 Vlllquain
1511 1416 1639 1455 Omni-

951 1491 1003 1516 no
1023 1474 1161 1515 fefellit
1187 1475 1312 1513 nostra
1336 1474 1526 1512 diuinatio
1547 1470 1642 1517 66,

957 1539 1051 1585 148.
1109 1533 1263 1572 Fallere
1297 1533 1503 1582 opinionem
1525 1532 1646 1568 alicu·

956 1594 1016 1631 ius
1102 1591 1196 1628 Non
1238 1586 1367 1626 fallam
1416 1588 1647 1640 opinionem.

958 1658 1063 1687 tuam
1087 1658 1122 1693 Ι,
1148 1649 1186 1691 6,
1211 1657 1249 1697 9.
1300 1644 1425 1684 Fallit
1439 1645 1535 1697 spes.
1593 1644 1648 1680 Ea

961 1704 1042 1757 spes
1064 1716 1272 1755 numquam
1296 1713 1331 1739 tc
1353 1698 1459 1740 fallet
1480 1712 1566 1753 3,2‚
1581 1711 1650 1752 54.

962 1775 1032 1801 nec
1064 1774 1134 1798 nos
1171 1758 1322 1812 quidem
1351 1759 1477 1796 nostra
1503 1757 1656 1795 diuina-

964 1820 1020 1857 tio
1043 1815 1172 1862 fallet,
1200 1829 1313 1868 quam
1334 1825 1413 1854 tum
1435 1812 1656 1867 sapientiffi-

966 1888 1118 1914 morum
1167 1887 1341 1911 virorum
1393 1879 1658 1911 monumenta

967 1943 1081 1983 atque
1101 1931 1323 1983 praeceptis,
1334 1927 1578 1981 plurimoque
1590 1925 1661 1965 do·

970 1991 1114 2029 &rinae
1141 1986 1287 2033 studio,
1324 1997 1405 2025 tum
1435 1998 1574 2034 magno
1604 1993 1660 2022 et-

972 2048 1049 2085 iam
1080 2043 1147 2083 vsu
1177 2043 1392 2082 amandae
1425 2040 1662 2096 reipubiicae

974 2115 1186 2153 magnaque
1225 2114 1399 2139 meorum
1441 2109 1665 2151 temporum

976 2162 1174 2204 varietate,
1206 2156 1422 2195 consecutus
1453 2156 1532 2195 suin
1558 2157 1597 2201 6,
1621 2157 1668 2201 6,

983 2221 1060 2268 148
1131 2228 1228 2267 quae
1252 2229 1299 2252 ne
1321 2213 1400 2266 spes
1428 2228 1513 2252 eum
1547 2209 1670 2257 fallat.

978 2274 1224 2313 vehementer
1245 2282 1282 2310 te
1309 2283 1404 2319 rogo
1523 2281 1560 2316 1,
1580 2280 1618 2321 3,
1641 2280 1671 2327 ς

924 2347 1039 2386 Fama
1069 2345 1262 2382 bonorum
1292 2344 1329 2383 6.
1354 2343 1392 2387 6,
1418 2350 1510 2392 149.
1566 2337 1670 2385 fama¹

984 2400 1188 2441 nunciabat
1213 2412 1248 2438 te
1266 2398 1337 2436 effe
1363 2400 1401 2434 in
1420 2399 1524 2441 Syria
1551 2407 1672 2448 12‚4‚

988 2464 1082 2512 348.
1115 2457 1234 2495 Fauna
1254 2454 1535 2506 inconstantiae.
1573 2454 1672 2490 Non

987 2515 1120 2569 putaui
1145 2513 1283 2550 fan-<un
1305 2510 1672 2556 inconstantiaemi-

989 2573 1029 2610 hi
1056 2567 1380 2623 pertint-:findam
1398 2568 1423 2607 si
1442 2565 1674 2619 quibusdam

989 2631 1031 2667 in
1052 2627 1243 2666 sententiis
1266 2623 1435 2677 paniium
1458 2637 1516 2661 me
1537 2625 1677 2662 immu-

990 2684 1117 2725 tass'em
1141 2696 1176 2730 1,
1200 2695 1238 2735 9,
1261 2692 1322 2733 Ic).
1371 2680 1506 2719 famam
1529 2680 1680 2729 ingenii

993 2744 1157 2782 abiicere
1184 2754 1265 2779 non
1293 2736 1437 2778 recusat
1469 2738 1618 2782 Cicero,
1652 2736 1682 2774 st

995 2797 1105 2853 possit
1447 2806 1487 2848 9,
1508 2796 1573 2839 16,
1597 2794 1680 2844 256

1527 2866 1685 2905 Famem
