1881 3173
854 98 1159 137 INDEX

196 234 199 236 >
236 210 362 254 Facio.
419 209 561 252 Facere
587 218 627 251 et
657 222 769 268 agere
800 216 842 250 vt
867 207 975 248 diffe-

291 275 377 308 rant
829 269 924 318 462.
949 265 972 304 b

234 327 366 369 Faffio
391 325 603 365 testamenti
830 330 926 375 480.
948 322 972 361 b

234 381 405 424 facultas
452 379 538 437 plus
576 381 640 429 est,
679 394 792 434 quam
831 380 983 419 occasio

287 452 384 493 45¹2.
405 453 439 478 a.
481 437 702 478 faeultatum
731 448 872 477 nomen
899 435 972 475 late

288 507 392 551 patet.
834 497 926 547 364.
948 506 970 531 a

233 554 401 595 Faernus
442 552 682 591 conieemae
729 549 816 590 suae
855 553 972 589 inter-

246 623 247 628 *
290 610 382 649 dum
401 610 562 648 nimium
580 607 802 659 indulgebat
831 610 914 660 695
944 606 968 645 b

830 681 924 731 560.
945 677 969 715 b

829 747 924 786 254.
944 733 969 773 b

835 794 925 845 396.
947 805 970 830 a

229 681 406 725 Falerina
429 679 551 732 tribus

230 737 348 782 Fauo.
381 737 475 777 Non
506 749 567 775 me
586 734 686 776 fallit

226 799 342 839 rama
361 794 535 833 omnium

225 865 426 911 Familiam
446 863 586 904 ducere
823 874 919 916 441.
942 860 968 900 b

227 928 376 967 Fatum.
432 924 490 962 De
518 919 598 962 fato
627 921 969 975 Peripateticorum

226 993 422 1083 raggiffio
441 1033 606 1074 scomma
651 1035 694 1073 in
741 976 969 1087 P0m3p2ei1unli

832 1102 927 1145 577·
946 1104 968 1131 ²

224 1169 358 1212 Febris
395 1174 580 1220 quartana
617 1163 794 1216 pituitam
817 1172 855 1203 ct
887 1176 967 1201 me·

284 1223 539 1266 iancholicum
583 1221 784 1260 humorem
819 1221 969 1260 ex-ficcat

831 1282 924 1329 897.
946 1289 968 1315 a

829 1344 924 1386 375·
946 1346 968 1371 ³

224 1337 402 1380 Felicitas
423 1336 527 1374 iuxta
550 1333 697 1373 Stoicos

221 1409 400 1454 feliciter
418 1405 627 1456 transigere
827 1409 882 1452 ag
890 1415 926 1456 5.
945 1416 968 1442 a

221 1462 428 1510 fenestella
844 1472 913 1504 20.
939 1459 966 1500 1>

222 1528 350 1568 Fenus
371 1519 587 1563 vnciariuut
821 1529 915 1572 315.
942 1530 966 1558 a

218 1598 354 1648 Feriae
372 1594 531 1633 Latinae
825 1600 920 1644 545.
940 1602 963 1628 a

219 1653 432 1698 FerrariuS,
480 1650 738 1695 Hieronymus
794 1656 891 1699 330.
927 1661 962 1686 a.

237 1714 241 1717 ’
281 1710 516 1751 Oetauianus
818 1706 918 1758 768.
940 1716 962 1742 a

220 1771 338 1810 Ferre
376 1765 425 1805 ad
453 1761 643 1820 populun
669 1761 740 1806 26.
757 1761 796 1803 b.
861 1759 965 1801 ferre

236 1842 239 1845 ·
279 1822 399 1864 oculis
821 1824 920 1871 918.
937 1816 962 1858 b

221 1884 373 1929 Ferrus,
396 1877 574 1919 Albertus
825 1885 918 1929 170.
941 1888 963 1915 a

218 1957 430 1996 Feruenter
643 1955 736 2000 547.
756 1960 792 1988 a.
823 1957 918 1999 552.
938 1960 962 1987 a

217 2013 400 2062 Fet-uere,
419 2016 457 2047 et
477 2003 678 2045 deferuere
817 2005 914 2055 613.
932 2003 959 2045 b

216 2066 359 2113 Feffus,
384 2076 423 2106 et
450 2061 676 2112 defatigatus
816 2061 912 2112 693.
933 2060 958 2101 b

218 2125 416 2166 Pestiuitas
446 2119 596 2162 laudari
621 2116 718 2160 solet
755 2117 798 2156 in
829 2120 958 2170 pueris

823 2179 916 2228 384-
936 2189 959 2215 a

218 2253 329 2303 Fides
348 2249 456 2304 quid,
474 2257 511 2289 et
532 2249 612 2288 eius
633 2255 788 2291 etymon
824 2256 889 2300 35¹,
919 2246 956 2287 b,

272 2318 367 2364 397.
394 2307 432 2347 b.
455 2304 558 2360 fides
586 2314 624 2345 et
637 2301 815 2357 fidelitas
851 2301 959 2343 diffe-

274 2365 366 2406 runt
379 2377 474 2417 904.
498 2377 531 2402 a.
547 2360 644 2414 fide,
664 2373 738 2413 pro
756 2358 844 2398 fidei
855 2364 954 2412 692,

271 2437 314 2466 a.
341 2422 455 2463 fidem
486 2419 633 2461 soluere
659 2419 756 2471 696.
772 2431 806 2457 a.
843 2417 958 2457 fidem

274 2481 461 2534 praestare
847 2473 916 2527 63.
936 2487 958 2512 a

215 2555 356 2603 Figura
394 2558 439 2589 ex
466 2548 642 2587 mistione
673 2546 956 2584 contrariorum

273 2608 446 2652 orationi
464 2605 698 2644 venustatem
728 2601 956 2641 concilians:

269 2676 325 2713 vt,
346 2666 385 2704 in
406 2661 574 2716 molestia
594 2657 742 2718 gaudeo
764 2665 830 2708 81.
849 2659 887 2698 b.
916 2658 957 2696 fi-

269 2733 453 2774 gurarum
493 2718 642 2773 aliquot
686 2714 957 2757 sententiarum

269 2776 442 2832 exempla
816 2771 913 2822 688.
935 2785 955 2811 a

1031 206 1133 247 Filii.
1187 208 1284 246 Cum
1306 222 1438 249 omnes
1458 207 1527 249 filii
1546 206 1768 263 parentibus

1088 277 1179 311 cari,
1211 275 1291 304 tum
1320 279 1348 304 n
1380 268 1562 315 maxime,
1593 266 1659 318 qui
1689 278 1770 304 cor·

1082 334 1178 376 pore
1224 336 1289 361 eos
1337 335 1375 363 et
1421 326 1550 364 animo
1599 321 1769 362 referunt

1027 432 1231 486 Flagitium
1275 449 1297 475 a
1342 433 1478 474 scelere
1528 444 1570 474 vt
1614 384 1767 474 dzg'graat

1026 546 1211 588 Flaminia
1228 550 1289 588 via
1618 495 1766 601 67lgo}

1025 604 1257 646 Foederatae
1276 606 1460 644 ciuitates.
1488 606 1533 643 In
1555 604 1612 643 his
1627 606 1766 644 Roma-

1078 664 1136 701 nis
1170 661 1358 702 exsulibus
1390 655 1459 715 per
1495 659 1595 711 leges
1628 659 1780 716 lit-ebat

1081 718 1139 758 eff
1629 727 1722 771 522.
1739 717 1767 758 b

1026 734 1201 816 Forenqfia
1220 784 1444 814 ornamenta
1626 786 1721 827 340.
1740 777 1764 814 a

1025 835 1141 872 Fores
1160 835 1348 872 amicitiae
1368 833 1590 886 aperiantur
1623 839 1715 880 800.
1736 831 1762 870 b

1025 891 1134 930 Foris

1024 949 1164 987 Forma
1185 955 1222 986 et
1249 944 1496 1000 pulchritudo
1515 955 1557 986 vt
1583 945 1763 986 differant

1079 1007 1176 1057 634.
1194 1017 1227 1044 a.
1248 1003 1384 1057 forma
1397 1002 1643 1044 multifariam
1662 1004 1762 1057 capi-

1080 1073 1143 1100 tur
1633 1059 1761 1113 165.b

1022 1114 1234 1159 Formulae
1244 1114 1603 1158 iurisconsultorum
1613 1120 1712 1170 468.
1724 1130 1760 1159 a.

1628 1181 1676 1223 81
1687 1185 1721 1216 1.
1739 1187 1763 1215 a
1781 1199 1784 1203 ·

1023 1229 1189 1285 Fortaffi=
1200 1231 1339 1284 potius,
1351 1245 1465 1284 quam
1475 1231 1636 1273 fortaffis
1650 1235 1761 1283 1783

1022 1290 1190 1328 Fortuna
1211 1299 1250 1328 et
1278 1289 1399 1327 virtus
1420 1289 1516 1343 678.
1535 1304 1567 1330 a.
1603 1288 1760 1328 fortuna

1077 1358 1100 1384 a
1129 1347 1278 1385 ratione
1321 1344 1562 1395 distinguitur
1598 1358 1694 1398 423.
1717 1344 1759 1385 b.

1078 1400 1236 1442 fortuna
1267 1410 1442 1454 optatur,
1473 1419 1554 1444 non
1581 1401 1760 1442 laudatur

1079 1462 1175 1506 286.
1193 1457 1230 1497 b.
1283 1457 1461 1499 fortunae
1510 1462 1613 1501 bona
1661 1472 1761 1513 quae

1082 1526 1172 1568 150.
1193 1529 1226 1554 a.
1273 1515 1457 1566 fortunae
1475 1531 1548 1572 pro
1577 1531 1621 1558 re
1649 1515 1760 1555 fami-

1034 1613 1037 1615 .
1076 1570 1164 1612 liari
1196 1570 1425 1624 vsurpantur
1620 1577 1713 1629 156.
1732 1571 1760 1613 h

1020 1630 1248 1675 fortunare,
1272 1628 1418 1684 semper
1443 1631 1484 1670 in
1510 1631 1653 1671 bonam
1673 1642 1761 1683 par·

1075 1696 1152 1727 tem
1177 1687 1361 1741 accipitur
1621 1693 1716 1738 872.
1734 1699 1759 1728 a

1020 1746 1165 1786 Forum
1195 1755 1234 1783 et
1271 1745 1376 1783 curia
1411 1754 1504 1799 340.
1533 1744 1573 1788 b.
1625 1742 1757 1784 forum

1077 1815 1189 1851 agere
1626 1807 1709 1851 218·
1730 1800 1758 1843 h

1018 1860 1157 1909 Frangi
1175 1867 1212 1896 et
1238 1855 1432 1898 debilitari
1452 1863 1514 1910 81.
1534 1872 1568 1899 a.
1611 1856 1759 1902 [rafim.

1076 1931 1118 1957 ae
1146 1913 1362 1956 debilitatus
1621 1927 1712 1969 335.
1733 1915 1760 1958 h

1018 1975 1173 2023 Frater,
1209 1974 1308 2026 quati
1346 1970 1426 2012 fere
1462 1970 1558 2013 alter
1595 1976 1686 2020 186.
1716 1971 1755 2012 b.

1069 2030 1204 2072 fratres
1242 2028 1320 2069 duo
1365 2027 1571 2082 aliquando
1616 2027 1754 2070 eodem

1071 2089 1322 2142 praenomine
1344 2087 1399 2125 vti
1417 2085 1588 2130 solebant
1608 2097 1701 2140 552.
1713 2084 1749 2125 b.

1073 2144 1237 2184 suauitas
1265 2141 1451 2196 quaedam
1479 2145 1579 2183 inter
1610 2144 1751 2182 amicos

1070 2204 1194 2243 maior
1225 2201 1288 2250 est,
1326 2214 1441 2255 quam
1482 2202 1583 2241 iuter
1617 2199 1752 2239 fratres

1611 2260 1706 2307 680.
1729 2271 1753 2297 a

1013 2314 1156 2356 fraudi
1178 2312 1250 2355 esse
1460 2326 1525 2369 52.
1549 2327 1581 2355 a.
1609 2325 1706 2365 495.
1723 2313 1750 2352 b

1012 2376 1178 2414 Frenum
1206 2369 1383 2410 mordere
1607 2381 1704 2424 745.
1727 2369 1753 2410 b

1015 2431 1188 2487 Frigere,
1209 2442 1279 2482 pro
1300 2426 1396 2467 nihil
1414 2440 1525 2478 agere
1605 2439 1704 2481 454.
1724 2427 1750 2466 b

1014 2489 1134 2527 Frons
1155 2484 1247 2525 libri
1603 2495 1701 2525 220.
1724 2483 1749 2524 b

1014 2545 1221 2584 Frontonis
1239 2540 1484 2582 Grammatici
1503 2539 1600 2582 liber
1616 2542 1712 2593 693·
1724 2541 1748 2580 b

1014 2601 1173 2641 Fruems
1624 2608 1714 2639 122.
1729 2612 1752 2638 ι

1014 2658 1136 2712 frugi
1192 2665 1232 2695 et
1287 2667 1445 2710 nequam
1499 2664 1750 2709 opponuntur

1075 2720 1170 2766 832.
1190 2727 1224 2751 a.
1284 2709 1398 2769 fi'ugi
1417 2714 1574 2752 nomine
1595 2713 1751 2764 proprie

1070 2770 1170 2810 serui
1191 2767 1406 2818 laudantur,
1428 2778 1465 2809 et
1493 2768 1621 2810 liberti
1659 2768 1752 2808 ibid.

1633 2827 1754 2875 Fungi

1621 898 1713 931 122.
1737 887 1762 928 b
1840 936 1845 937 ⁷
