1881 3173
602 63 826 106 PAVLLI
861 67 1151 108 MANvTu
1199 68 1396 108 INDEX

288 179 358 220 11,
377 182 445 225 29,
467 181 560 226 344.
590 173 780 215 contulisti
803 179 973 218 tribuna-

285 239 369 270 tum
399 243 508 269 tuum
538 234 578 269 in
615 231 737 285 ipsum
770 232 987 275 discrimen.

284 300 416 327 rerum
441 300 483 334 2,
500 298 542 341 7,
563 291 629 338 36.
678 289 841 331 contulit
864 294 906 337 in
935 304 972 332 te

283 347 366 384 vim
384 343 489 383 illam
521 344 623 383 suam
649 344 807 386 fraeiam
838 363 881 388 ac
910 349 974 390 de-

281 400 470 442 bilitatam
504 412 540 447 1,
560 413 600 453 9,
626 405 685 445 16.
741 405 902 446 contulit
931 409 972 446 in

280 472 342 498 me
372 471 506 507 magna
537 457 660 496 officia
702 472 762 514 13,
783 473 852 510 21,
879 475 973 516 399.

283 514 444 554 contulit
475 516 548 552 iter
577 514 685 554 suum
713 519 753 555 in
780 522 973 572 posterum

279 572 381 610 diem
411 582 470 613 11,
498 582 560 622 13,
585 579 679 623 328.
719 575 883 616 contulit
916 591 974 616 re-

277 627 416 681 liquias
443 626 523 665 suas
546 639 739 681 tamquam
772 647 793 671 e
818 633 973 673 naufra-

277 687 343 735 gio
363 687 508 723 in‘eam
544 685 808 738 posseffionem
846 703 907 743 13,
931 704 970 744 5,

222 771 226 773 Δ
280 748 376 795 334.
406 741 567 781 contulit
588 743 624 782 se
650 744 697 783 ad
721 744 795 786 alia
809 747 968 795 consilia

280 810 342 845 ιο,
365 811 434 850 24,
454 810 547 850 300.
608 801 787 853 Cotfferre
809 806 970 859 diligen·

277 858 377 896 tiam
439 858 480 895 in
534 857 792 900 valetudinem
838 860 968 913 suam.v

278 916 470 962 Qantam
490 911 725 963 diligentiam
751 921 794 957 in
822 918 963 958 valetu-

278 970 408 1010 dinem
455 981 559 1009 tuam
609 973 841 1024 contuleris,
872 978 970 1016 tanti

277 1042 339 1067 me
368 1029 452 1067 fieri
482 1042 504 1066 a
544 1039 580 1067 te
609 1031 789 1073 iudicabo
832 1036 898 1078 16,
929 1047 970 1086 4,

274 1091 374 1138 433.
430 1084 620 1138 quidquid
647 1091 688 1127 in
718 1105 804 1129 eum
835 1090 971 1130 iudicii

277 1144 474 1195 officiique
497 1144 718 1194 contuleris,
738 1160 808 1188 etc.
840 1161 906 1195 10,
931 1160 967 1196 I,

274 1211 374 1253 273.
404 1200 579 1240 conferre
625 1203 663 1242 se
711 1204 759 1243 ad
806 1204 966 1244 alicuius

274 1259 480 1296 amicitiam
511 1270 577 1311 13,
603 1271 666 1308 10,
690 1274 783 1315 390.
820 1263 967 1301 confer-

274 1328 319 1354 re
336 1313 484 1367 aliquid
509 1318 551 1353 in
579 1316 741 1358 alterum
765 1329 803 1369 3,
820 1330 966 1371 10,72.

274 1371 451 1411 conferre
478 1386 562 1411 cum
590 1372 721 1427 aliquo
754 1378 886 1415 omnia
908 1379 969 1414 in-

272 1430 368 1469 tima
390 1436 427 1477 8,
453 1439 518 1482 15,
538 1442 634 1482 233.
676 1432 853 1471 conferre
883 1433 966 1472 offi-

270 1488 383 1531 cium,
424 1488 665 1535 beneficium,
703 1490 893 1529 honorem
923 1492 964 1528 in

268 1544 467 1584 hominem
504 1544 686 1598 aliquem,
725 1558 763 1586 et
799 1549 840 1585 in
881 1562 964 1586 rem

272 1613 340 1654 13,
370 1613 437 1655 53,
457 1609 555 1654 418.
604 1603 780 1643 conferre
808 1619 964 1644 omnem

267 1659 374 1698 suam
416 1673 545 1697 curam
577 1672 692 1713 atque
726 1676 883 1716 operam
914 1662 963 1700 ad

270 1715 556 1771 philosophiam
581 1730 622 1768 4,
656 1732 693 1772 3,
722 1726 776 1771 84
844 1718 964 1773 pluri-

270 1789 378 1814 mum
399 1774 524 1823 studii,
554 1774 692 1823 officii,
722 1775 963 1816 liberalitatis

268 1832 313 1871 in
330 1830 499 1885 aliquem
520 1844 562 1886 7,
583 1837 620 1881 8,
649 1840 737 1882 180.
788 1834 965 1874 conferre

269 1888 307 1929 se
328 1891 369 1928 in
399 1892 601 1930 amicitiam
641 1902 678 1930 et
711 1890 824 1930 fidem
853 1891 966 1931 alicu-

269 1948 331 1986 ius
364 1958 407 2000 7,
433 1959 493 2000 17,
519 1952 611 2000 187.
675 1947 850 1989 conferre
881 1949 962 1989 suas

269 2017 377 2043 curas
399 2004 445 2043 ad
467 2004 689 2054 dignitatem
710 2005 870 2046 alieuius
898 2019 962 2054 10,

273 2072 340 2108 12,
360 2068 457 2115 287.
490 2062 670 2114 Conferre
675 2064 717 2114 fi’
735 2063 960 2104 dormitum.

269 2118 375 2168 Qiid
399 2121 528 2173 potius
547 2119 697 2168 faciam,
708 2124 827 2174 priuS,
842 2136 959 2175 quam

267 2190 330 2215 me
356 2175 563 2216 dormitum
586 2177 794 2225 conferam,
805 2193 884 2217 non
905 2194 962 2218 re-

266 2234 380 2287 perio
412 2246 452 2287 9,
477 2239 548 2281 26‚
567 2245 664 2287 270.
715 2235 805 2277 vide
821 2247 860 2276 et
886 2235 964 2275 col-

265 2290 357 2331 lata.

215 2346 391 2401 Conficio.
433 2347 596 2387 Confeci
623 2347 753 2402 plures
775 2363 961 2402 pauones,

259 2419 382 2459 -quam
415 2416 456 2444 tu
482 2404 609 2459 pullos
643 2405 885 2446 columbinos
915 2419 956 2460 9,

270 2470 337 2511 18,
360 2466 457 2504 260.
510 2465 654 2502 confice
684 2465 741 2502 his
775 2465 957 2504 omnibus

267 2519 434 2559 reditum
465 2531 505 2572 9,
526 2531 591 2570 13,
612 2533 707 2574 250.
767 2523 880 2560 Mitte
910 2521 957 2559 ad

266 2579 432 2630 Lupum,
467 2588 509 2615 vt
537 2578 568 2615 is
606 2580 719 2617 nobis
748 2593 809 2617 eas
830 2590 957 2617 centu-

268 2635 344 2672 rias
365 2635 539 2672 conficiat
564 2646 623 2679 11.
649 2639 715 2682 16,
737 2645 830 2687 331.
867 2637 957 2675 Con·

250 2691 374 2743 ficere
389 2692 470 2739 sua
490 2693 654 2745 negotia.
707 2694 874 2745 Operam
896 2692 955 2739 da,

267 2757 310 2787 vt
355 2748 654 2787 commodissime
697 2751 864 2805 Anicius!
891 2749 956 2788 sua

1010 1843 1013 1847 -
1075 1818 1195 1855 virtus
1216 1827 1280 1855 tua

1048 206 1052 210 -
1085 181 1452 229 negotiadconficiat
1495 190 1561 227 12,
1591 193 1662 230 21,
1683 187 1778 237 369,

1086 240 1271 275 conficere
1289 251 1460 276 annuum
1478 251 1618 277 munus
1650 251 1687 287 2,
1711 253 1778 289 12,

1084 304 1152 346 41.
1183 296 1311 347 copias
1338 305 1403 341 κ’,
1427 301 1466 343 8,
1494 301 1587 342 281.
1619 311 1776 347 confice-

1086 364 1128 389 re
1145 354 1342 404 pafflones
1367 366 1452 390 cum
1472 352 1687 392 eiulatibus
1710 365 1779 407 13,

1087 410 1155 459 65,
1176 419 1257 460 425
1327 410 1515 448 conficere
1540 414 1711 449 rationes
1737 421 1778 462 ς,

1087 475 1156 509 20,
1183 476 1275 516 133.
1305 468 1491 505 conficior
1512 469 1565 504 eis
1586 482 1700 515 curis,
1719 477 1776 516 vt,

1086 531 1156 559 etc.
1195 534 1235 573 4,
1259 532 1324 573 13,
1349 520 1443 562 100.
1493 526 1678 564 conficior
1707 522 1778 562 do-

1086 575 1173 615 lore
1187 589 1224 615 et
1247 591 1395 630 puoore
1427 590 1491 630 14,
1511 590 1548 628 3,
1567 588 1663 633 438.
1722 578 1776 619 la·

1087 636 1224 672 crumis
1246 636 1302 682 fic,
1326 646 1366 674 vt
1396 635 1498 674 ferre
1528 651 1605 674 non
1638 637 1774 690 possim

1087 701 1152 743 14,
1174 704 1215 743 4,
1235 702 1331 743 439.
1389 695 1523 730 confici
1551 696 1588 740 6,
1619 706 1656 739 1,
1679 703 1773 745 139.

1084 747 1278 786 confeehvs
1303 763 1466 802 corpore
1494 759 1531 788 et
1551 753 1680 790 animo
1707 761 1775 803 14,

1079 816 1122 857 4,
1142 816 1224 869 439
1268 803 1454 854 languore
1479 817 1517 845 ct
1531 805 1630 846 fame
1647 809 1774 860 7,26,

1084 871 1178 914 197,
1209 861 1424 902 conse-{tum
1451 867 1649 912 negotium
1671 878 1708 917 9,
1730 877 1773 912 2,

1081 929 1179 971 239.
1219 919 1412 960 confeEtae
1440 924 1610 960 rationes
1637 935 1675 975 ς,
1705 933 1773 970 20,

1562 983 1569 994 '¹
1689 989 1769 1030 133

1027 1042 1187 1096 Cotfido.
1237 1045 1412 1088 Confisus
1448 1049 1677 1089 au8mritate
1706 1063 1770 1088 ve·

1081 1103 1152 1140 stra
1511 1118 1577 1154 12,
1601 1117 1666 1159 15,
1687 1109 1765 1159 361

1027 1172 1224 1224 Confirmo.
1253 1176 1347 1214 Non
1369 1174 1491 1215 solum
1513 1179 1769 1224 confirmauit,

1081 1243 1217 1269 verum
1234 1235 1346 1270 etiam
1367 1237 1510 1286 recepit
1541 1239 1579 1281 6,
1595 1246 1658 1275 12.
1675 1237 1770 1277 160.

1081 1290 1367 1327 confirmaucris
1384 1305 1506 1329 meam
1524 1292 1571 1330 de
1593 1303 1654 1330 tua
1679 1305 1769 1340 erga

1079 1359 1140 1384 me
1161 1346 1430 1385 beneuolentia
1444 1348 1560 1401 spem,
1581 1351 1606 1387 fi
1624 1358 1694 1387 noc
1715 1347 1768 1387 ef-

1077 1401 1211 1441 feceris
1231 1415 1296 1455 13,
1317 1416 1386 1456 29,
1407 1417 1503 1458 407.
1541 1407 1770 1445 confirmare

1079 1457 1240 1497 aherum
1263 1463 1304 1506 6,
1325 1473 1359 1512 3,
1386 1473 1477 1512 143.
1507 1463 1578 1501 hoc
1599 1477 1678 1501 non
1701 1469 1769 1501 du-

1076 1517 1201 1555 bitans
1224 1522 1450 1556 conrii-mare
1469 1519 1618 1571 pofl'um
1641 1533 1678 1572 ς,
1702 1523 1768 1568 16,

1081 1584 1174 1626 127.
1207 1576 1458 1615 confirmatur
1479 1578 1519 1614 in
1545 1580 1625 1615 dies
1647 1578 1767 1626 lingu-

1076 1629 1134 1669 los
1168 1629 1234 1670 illa
1265 1633 1467 1672 hominum
1495 1636 1632 1687 opinio
1662 1637 1702 1681 6,
1724 1646 1768 1687 4,

1683 1701 1769 1746 ¹44

1019 1759 1325 1799 confirmatione
1359 1763 1484 1800 nostra
1517 1776 1596 1801 non
1631 1764 1766 1812 egebat

1580 1822 1617 1863 6,
1632 1832 1669 1873 3,
1685 1832 1766 1873 142

1019 1875 1245 1913 Conflfflari
1266 1873 1417 1913 iudiciis
1434 1877 1610 1929 turpibus
1631 1889 1670 1929 9,
1693 1890 1764 1930 25,

1073 1944 1170 1984 270.
1227 1933 1461 1972 confinii-atus
1510 1933 1763 1973 diuturniori·

1077 1991 1146 2028 bus
1165 1988 1344 2028 molestiis
1529 1993 1569 2038 6,
1593 2002 1659 2043 13,
1683 1994 1759 2034 161

1018 2059 1211 2112 Cotfiuens
1229 2058 1447 2100 Rhodanus.
1478 2064 1576 2102 Cum
1596 2065 1764 2103 exercitu

1075 2118 1123 2156 ab
1162 2119 1377 2158 confluente
1419 2120 1607 2158 Rhodano
1647 2122 1763 2160 castra

1076 2176 1186 2213 moui
1503 2188 1566 2223 10,
1591 2188 1656 2229 34,
1682 2188 1765 2232 314

1019 2230 1237 2271 Conformo
1260 2246 1320 2272 me
1340 2232 1386 2271 ad
1406 2235 1487 2272 eius
1509 2233 1762 2283 voluntatem,

1075 2303 1097 2328 a
1134 2304 1213 2341 quo
1248 2290 1403 2330 honeste
1449 2291 1642 2331 dissentire
1682 2306 1763 2332 non

1017 2382 1019 2385 .
1071 2347 1220 2400 poss'um
1585 2360 1623 2395 1,
1648 2355 1684 2396 8,
1711 2361 1762 2401 13

1017 2404 1241 2454 congelasse
1274 2406 1356 2444 otio
1400 2403 1567 2445 laetabar
1597 2408 1763 2446 amicum

1069 2465 1240 2501 nostrum
1575 2473 1613 2508 2,
1631 2477 1643 2503 ι
1658 2477 1692 2511 3,
1704 2476 1760 2517 43

1013 2521 1273 2576 Congiarium.
1321 2522 1462 2569 Magno
1479 2521 1676 2570 congiario
1694 2521 1761 2560 do-

1068 2587 1178 2616 natus
1214 2591 1237 2616 a
1267 2578 1425 2617 Caesare
1454 2578 1613 2618 Plancus
1653 2584 1689 2627 8.
1722 2588 1760 2625 1,

1671 2646 1759 2679 20⁷

1016 2692 1278 2742 conglaciare.
1335 2692 1499 2730 Curioni
1535 2692 1666 2730 nostro
1696 2672 1763 2731 tri·

1070 2750 1234 2789 bunatus
1267 2749 1476 2801 conglaciat
1564 2755 1602 2798 8,
1618 2751 1758 2803 62215

1589 2804 1759 2855 Congiu-
