1881 3173
1487 85 1577 148 XV.

52 219 518 286 nius'commentarii
534 217 699 273 forma
721 218 1041 283 duodecima,
1066 214 1404 268 minutiffimis
1433 217 1577 283 typis,

60 351 166 386 vno
210 332 472 386 volumine
520 332 616 385 hac
663 328 1012 399 inscriptione:
1070 323 1303 400 Epistolae
1340 327 1578 380 Ciceronis

61 439 222 520 (quae
294 437 584 508 Familiares
643 437 909 504 vocantur)
951 431 1114 488 Paulli
1165 434 1411 500 Manutii,
1464 435 1579 486 Viri

62 538 256 612 Clartssl
307 553 536 613 perpetuo
588 552 734 614 atque
772 531 1107 604 absolunffimo¹
1132 537 1463 586 commentario
1493 548 1579 587 ex-

59 640 302 709 planatae.
384 644 496 694 Cum
517 639 680 693 indice.
784 639 918 689 Anno
942 642 1063 704 1596.
1095 631 1347 688 excutiebat
1377 626 1581 686 Gabriel

69 750 324 810 Carterius
338 742 616 821 sumptibus
654 745 797 797 Petri
836 744 894 795 G.
923 744 981 794 G.
1095 740 1326 809 impressa
1357 738 1425 792 est
1455 737 1580 790 haec

62 853 222 906 editio
248 852 508 920 Lugduni,
528 847 613 902 vbi
643 849 896 902 Carterius
919 846 1177 900 officinam
1200 845 1356 914 ‚suam
1386 842 1579 897 habuit.

63 959 316 1026 Superiori
342 952 539 1008 saeculo
570 970 688 1006 cum
715 958 785 1007 lo.
806 955 993 1020 Georg.
1017 952 1263 1007 Graeuius
1283 967 1474 1003 nouam
1495 950 1582 1003 Ci-

63 1063 262 1114 ceronis
292 1060 592 1124 editionem,
632 1060 868 1110 omnium
887 1059 1115 1110 virorum
1147 1057 1462 1111 eruditorum
1485 1073 1579 1107 no-

64 1160 128 1211 tis
150 1172 299 1229 atque
325 1158 704 1210 commentariis
733 1153 1108 1225 locupletatam,
1139 1156 1420 1220 adornaret,
1446 1171 1581 1205 eam-

63 1275 163 1329 que
182 1276 268 1328 per
298 1273 459 1329 partes
489 1258 676 1324 ederet,
715 1254 851 1311 facto
904 1255 965 1311 ab
995 1256 1212 1328 epistolis
1250 1257 1312 1310 ad
1341 1255 1582 1310 Diuersos

66 1360 243 1429 initio,
282 1381 408 1435 quae
446 1361 814 1416 Amstelodami
858 1365 1080 1431 primum
1117 1363 1180 1416 A.
1212 1366 1585 1414 eloloctxxvu.

65 1471 249 1522 iterum
282 1469 345 1520 A.
379 1471 940 1521 clolocxc111.Tom.II.
974 1469 1122 1528 8mai.
1147 1467 1460 1536 prodierunt,
1489 1465 1583 1521 fin·

63 1569 192 1641 gulis
210 1570 362 1621 tomis
375 1571 799 1622 commentarium
810 1572 1026 1622 Manutii
1039 1569 1237 1635 adiecit,
1250 1571 1396 1641 eique
1410 1568 1583 1622 Ψίθιο-

65 1675 126 1725 rii
151 1684 293 1723 notas
326 1669 658 1739 copiofiores,
681 1689 806 1743 quae
845 1689 955 1742 non
975 1684 1208 1741 poterant
1227 1669 1390 1724 verbis
1423 1671 1584 1726 Tullii

65 1773 341 1829 commode
359 1769 582 1838 subtexi,
615 1771 894 1844 praepofito
926 1772 1138 1826 Victorii
1177 1775 1415 1842 nomine,
1454 1777 1583 1832 inse-

66 1875 180 1926 ruit.
226 1874 540 1940 Argumenta
564 1892 687 1926 vero
708 1877 928 1928 Manutii
955 1877 1200 1928 Graeuius
1221 1874 1439 1944 epistolis
1471 1877 1581 1947 ipsis

64 1977 364 2048 praeposuit,
401 1992 617 2048 excepto
643 1997 726 2044 eo,
761 1979 902 2050 quod
923 1978 1153 2049 epistolae
1168 1982 1359 2049 primae
1379 1980 1440 2033 ad
1451 1985 1583 2040 Len-

66 2078 230 2146 tulum
270 2081 529 2133 Manutius
558 2081 809 2149 praefixit,
851 2068 1008 2152 quod,
1040 2083 1282 2152 quoniam
1326 2081 1395 2134 ob
1429 2082 1582 2134 histo-

67 2185 191 2235 riam
212 2182 273 2234 de
293 2181 584 2234 Ptolemaeo
610 2181 813 2248 Aulete‚
852 2186 1068 2253 Aegypti
1090 2202 1224 2252 rege,
1262 2184 1432 2254 paullo
1464 2184 1582 2238 vbe-

67 2282 168 2364 rius
187 2297 447 2350 narratam,
465 2285 616 2336 nimis
638 2284 905 2353 copiosum
928 2300 1051 2352 erat,
1065 2288 1126 2339 ad
1147 2286 1333 2340 calcem
1358 2292 1581 2350 Tom.ll.

66 2387 252 2439 reiecit.
366 2390 509 2457 Qiae
530 2388 592 2441 ad
612 2368 892 2458 pleniorem
923 2410 1130 2458 eorum,
1166 2391 1226 2444 ad
1254 2408 1382 2461 quos
1414 2390 1583 2461 scribit

67 2488 269 2555 CicerO,
306 2491 541 2542 notitiam
560 2493 840 2560 pertinent,
873 2492 932 2546 ab
966 2507 1264 2561 argumento
1295 2491 1460 2547 auulsa
1491 2473 1583 2547 no-

1521 2600 1583 2650 tis
