1881 3173
286 153 499 196 INCIC.
525 151 726 194 EPIST.
748 150 884 193 EAM.
912 145 1027 194 2113.
1052 147 1115 203 XJ
1146 148 1340 194 EPIST.
1357 149 1473 196 XXX.

88 264 210 310 latur.
252 275 432 306 euocatos
453 274 594 313 autent,
615 266 683 319 qui
705 265 846 307 milites

95 334 204 365 erant
227 325 412 370 veterani,
428 331 578 375 partem
609 321 718 362 fuiffe
743 325 847 364 arbi-

94 391 179 422 tror
199 381 416 435 praetoriae
436 379 617 419 cohortis.

147 436 292 490 Silani]
340 438 394 476 M.
416 434 550 483 Silani,
569 437 716 477 tribuni
741 435 839 476 mili.

93 506 190 541 tum,
203 494 271 547 qui
289 507 311 532 a
330 492 478 546 Lepido
496 492 720 535 discesserat.
732 493 836 547 epist.

95 564 161 606 34.
183 550 251 590 hac
269 549 316 589 de
334 564 376 589 re
397 549 486 590 vide
504 551 669 590 Dionem
691 550 837 594 lib.66.

113 653 115 655 .
147 619 371 679 Qeattrcor]
429 623 534 661 Duas
553 621 684 662 eduxit
703 621 836 660 aduer-

21 711 32 720 .
91 676 152 718 sus
173 679 398 726 Antonium,
437 677 530 716 duas
565 678 750 731 praesidio
777 691 834 717 ca·

92 737 175 776 stris
200 734 380 788 reliquit:
410 748 502 788 quas
532 737 659 787 postea
679 733 833 789 proelio

0 811 28 851 j,
90 795 217 834 vidior
227 793 418 831 Antonius
441 794 693 845 oppugnauit.
719 791 832 831 infra.

150 860 358 915 Tironum]
395 864 447 902 Ex
464 861 603 902 Pansae
615 861 776 902 deleciu.

155 934 351 990 Legionem
371 931 594 988 Martiam]
640 934 762 981 (Quae,
778 946 834 971 re·

91 986 186 1031 licio
206 991 389 1038 Antonio,
409 991 624 1029 oetauiano
645 988 682 1028 se
701 988 834 1028 adiun-

93 1057 211 1088 xerat.
225 1045 290 1085 lib.
306 1058 354 1084 11.
375 1047 478 1099 epist.
489 1057 530 1099 7.
557 1059 594 1086 et
617 1048 659 1086 in
680 1045 773 1085 Phil.
795 1057 833 1097 3.

92 1115 165 1155 ας.
183 1102 316 1155 Phi1.5.
334 1117 362 1140 c.
379 1114 424 1156 17
457 1114 494 1142 et
510 1101 711 1151 aliis,item
733 1102 835 1157 apud

91 1159 281 1202 Velleium
315 1157 381 1198 lib.
401 1171 440 1202 2.
461 1174 490 1200 c.
503 1163 565 1203 61.
583 1170 620 1199 et
640 1158 750 1200 alios.

148 1227 310 1284 Praeeffi‘
321 1229 511 1283 filebapn]
540 1232 642 1271 Viuo
663 1227 836 1278 Caesare,

92 1302 173 1328 non
195 1289 235 1326 in
257 1286 394 1334 Gallia,
417 1288 625 1341 ¹{nusquam
646 1291 750 1327 enim
781 1290 836 1326 in-

91 1356 150 1386 ter
172 1343 314 1394 legatos
337 1342 504 1384 Caesaris
518 1348 756 1391 nominatur)
775 1343 837 1383 sed

2 1401 9 1416 ¹
41 1439 43 1441 .
93 1400 212 1448 ciuili,
230 1412 270 1440 vt
289 1404 446 1457 opinor,
464 1400 568 1441 bello
590 1403 835 1455 Pompeiano.

90 1458 167 1499 hoc
185 1469 310 1497 autem
340 1471 527 1512 tempore,
557 1467 642 1498 cu'm
669 1457 704 1498 se
735 1459 834 1507 legio

46 1543 50 1549 «
91 1518 232 1556 Martia
253 1515 300 1554 ad
331 1518 583 1555 Oetauiannm
607 1514 835 1563 contulisset,

24 1589 29 1627 j
94 1583 269 1627 praeerat
306 1574 343 1611 ei
378 1571 621 1622 Carfulenus,
657 1575 834 1627 Appiano

94 1631 188 1670 teste
209 1628 275 1669 lib.
292 1641 327 1681 3.

153 1687 284 1735 Duas]
315 1687 437 1725 Vnam
457 1686 569 1740 ipfius
589 1685 722 1733 Hirtii,
748 1683 840 1724 alte·
866 1722 870 1723 ⁷

94 1756 176 1784 ram
199 1741 380 1782 caesaris.
738 1789 741 1792 ῃ

150 1796 394 1854 Equitatum]
434 1799 531 1838 Ante
553 1796 647 1837 hanc
671 1811 840 1852 pugnam

96 1859 242 1910 equites
263 1858 474 1894 Germanos
487 1869 507 1893 a
521 1853 681 1895 Caesare
703 1854 751 1894 ad
765 1858 838 1894 An-

93 1915 246 1953 tonium
266 1910 516 1960 transfugisse,
536 1914 673 1952 auctor
692 1914 743 1951 est
763 1914 838 1951 Dio

94 1969 242 2022 lib.46.
265 1968 397 2007 habuit
424 1979 462 2007 et
491 1972 649 2008 Mauros
677 1971 839 2022 equites,

96 2029 166 2080 qui
201 2025 452 2065 nouiinantur
486 2027 527 2064 in
565 2026 634 2064 hac
668 2024 838 2079 epistola.

91 2080 165 2123 'nec
183 2085 356 2122 Romano
380 2080 489 2122 illum
507 2085 680 2136 equitatu
703 2081 839 2132 caruis-

83 2140 147 2188 'se,
168 2138 348 2178 credibile
357 2138 529 2179 videtur:
559 2153 645 2178 cum
665 2149 703 2178 et
722 2137 840 2188 legio-

43 2204 46 2205 ’
97 2211 164 2236 nes
184 2207 273 2242 tres,
293 2207 334 2235 vt
354 2195 430 2235 iam
451 2195 629 2243 diximus,
641 2196 839 2235 habuerit:

98 2264 138 2293 et
162 2251 377 2302 legionibus
408 2252 560 2302 singulis
597 2263 841 2293 tercenorum

97 2311 279 2364 equitum.
299 2309 526 2362 praesidium
556 2308 724 2358 affuisse,
757 2323 842 2363 per-

98 2366 270 2422 spicuum
291 2379 335 2404 ex
351 2366 506 2406 historia
536 2368 612 2407 fiat.

155 2423 297 2463 Lenem
315 2421 577 2475 armaturam]
605 2422 708 2462 Tria
730 2435 841 2472 gene-

99 2493 144 2521 ra
160 2477 327 2518 militum
345 2490 453 2519 erant
470 2481 512 2518 in
528 2481 695 2519 exercitu
706 2482 842 2518 Roma-

99 2551 166 2582 no,
185 2537 345 2588 equites,
367 2536 513 2589 pedites
532 2535 737 2586 legionarii
757 2550 843 2575 cum

99 2592 176 2632 suis
197 2593 320 2640 fignis,
342 2592 489 2645 pedites
507 2592 602 2632 leuis
627 2604 843 2632 armaturae

98 2650 178 2690 fine
196 2649 317 2697 fignis.
345 2649 386 2687 hi
417 2649 551 2689 velites
586 2650 847 2690 vocabantur:

103 2715 155 2753 et,
186 2705 254 2744 vbi
292 2706 573 2756 confligendum
611 2717 712 2753 erat,
744 2709 848 2745 inter

41 2791 44 2794 -
100 2774 303 2814 vtramque
322 2763 442 2801 aciem
471 2773 724 2809 excurrentes,
756 2759 850 2802 leui-

102 2820 175 2859 bus
195 2819 310 2859 armis
320 2819 506 2869 instruffl,
526 2818 696 2862 rotundo
716 2830 754 2861 et
766 2818 850 2861 leui

878 1759 880 1761 ’
897 1743 1000 1783 idem
1019 1742 1199 1788 Polybius
1218 1742 1397 1796 appellat.

1557 165 1645 211 707

901 264 1021 314 scuto,
1051 278 1151 319 quae
1178 277 1310 320 parma
1335 266 1542 317 dicebatur,
1568 269 1644 320 gla-

900 322 980 372 dio,
999 321 1096 378 pile,
1114 333 1156 363 vt
1173 326 1227 364 ait
1245 322 1436 372 Polybius,
1449 327 1643 380 proelium

899 381 1201 420 committebant.
1231 394 1321 420 mox
1339 383 1569 431 recedentes,
1585 385 1641 424 Ιο.

898 450 984 477 cum
1024 439 1195 478 certandi
1227 436 1448 487 legionariis
1487 440 1638 482 dabant.

896 494 944 534 de
966 494 1118 536 velitari
1141 493 1223 548 pilo
1249 495 1295 534 fic
1319 497 1452 536 Liuius
1478 495 1545 537 lib.
1571 511 1638 552 24.

893 566 924 591 c.
948 564 1013 606 34,
1061 552 1218 599 Velites,
1244 566 1407 608 quorum
1429 555 1551 593 telum
1581 558 1639 595 in·

891 608 1020 649 habile
1053 606 1110 648 ad
1139 608 1415 650 remittendum
1448 611 1638 664 imperitis·

890 664 966 719 ςβ,
1010 667 1080 704 vix
1117 678 1338 721 quemquam
1359 666 1444 720 fine
1481 670 1638 709 vulnere

889 720 1088 775 consistere
1137 723 1178 760 in
1224 736 1333 762 muro
1369 723 1635 776 patiebantur.

889 777 997 816 Idem
1016 789 1110 816 vero
1131 775 1197 818 lib.
1211 781 1268 821 26
1304 789 1384 826 c.4.
1406 781 1530 827 hastis,
1553 795 1635 821 non

890 833 993 888 pilis,
1022 832 1154 873 velites
1176 834 1262 873 vsos
1290 834 1363 874 effe
1391 837 1635 879 demonstrat.

890 891 1040 933 Iacula,
1058 892 1199 944 inquit,
1216 892 1526 945 praefirufbrro,
1544 909 1637 950 qua-

889 948 926 987 le
945 947 1062 1001 hastis
1078 947 1305 987 velitaribus
1333 950 1436 1001 mest.
1496 954 1638 1004 Loqui-

890 1014 967 1052 tur,
990 1015 1032 1043 vt
1060 1015 1169 1057 puto,
1198 1005 1331 1042 Liuius
1363 1005 1410 1043 de
1440 1008 1638 1047 consuctu-

891 1060 980 1100 dine
1007 1059 1063 1099 sui
1098 1063 1304 1114 temporis:
1343 1063 1447 1114 quod
1481 1078 1525 1102 ex
1557 1079 1638 1104 ver-

890 1120 956 1164 bo,
976 1117 1083 1170 inest,
1104 1116 1280 1170 suspicari
1305 1117 1404 1158 licet.
1444 1135 1531 1160 nam
1558 1136 1637 1174 quo

892 1185 1067 1228 tempore
1095 1174 1272 1219 Polybius
1297 1177 1508 1216 Romanam
1538 1178 1640 1217 mili-

892 1234 984 1272 tiam
1006 1233 1159 1271 Graecis
1184 1231 1320 1270 litteris
1352 1234 1568 1286 explicauit,
1601 1245 1639 1275 et

892 1287 1091 1342 aliquanto
1111 1302 1211 1335 ante,
1237 1287 1325 1341 pilis
1347 1293 1553 1331 vtebantur
1575 1306 1638 1332 ve·

892 1345 992 1393 lites,
1015 1347 1124 1386 hastis
1145 1358 1274 1385 autem
1295 1347 1440 1394 hastati,
1469 1351 1537 1401 qui
1562 1351 1640 1401 pri-

892 1405 946 1443 mi
965 1404 1074 1442 hastis
1098 1403 1340 1456 pugnabant,
1368 1404 1506 1444 deinde
1536 1409 1640 1458 prin-

893 1461 1009 1513 cipes,
1033 1462 1224 1513 postremo
1256 1462 1391 1501 triarii.
1421 1476 1556 1501 verum
1575 1463 1639 1502 ha·

894 1518 968 1556 stae
1019 1518 1274 1563 hastatorum,
1323 1527 1361 1556 et
1405 1522 1640 1572 principum,

894 1583 1003 1614 erant
1032 1573 1204 1613 miffiles:
1244 1575 1376 1627 itaque
1404 1575 1509 1619 ὅσω-ἐς
1535 1575 1642 1621 Poly·

890 1633 980 1671 bius
1000 1640 1132 1670 vocat:
1175 1631 1397 1670 triariorum
1431 1647 1525 1671 vero
1558 1631 1643 1671 lon-

897 1690 1038 1738 giores,
1061 1697 1098 1726 et
1130 1687 1341 1725 firmiores:
1389 1687 1479 1728 ideo
1511 1697 1641 1734 δέρω-κ

1483 1747 1565 1785 Post
1584 1758 1642 1785 ar-

896 1812 1068 1840 maturae
1084 1798 1183 1838 fa&a
1196 1803 1380 1839 mutatio:
1412 1799 1545 1841 velites
1570 1815 1644 1855 pro

896 1856 983 1911 pilis
1004 1855 1154 1895 miffiles
1172 1856 1303 1898 hastas.
1326 1857 1471 1905 hastati,
1492 1871 1529 1898 et
1538 1862 1642 1912 prin-

896 1916 996 1967 cipes
1019 1926 1091 1966 pro
1112 1912 1309 1953 miffilibus
1323 1913 1432 1952 hastis
1455 1914 1532 1967 pila
1547 1916 1643 1955 sum-

898 1970 1073 2025 pserunt:
1119 1971 1243 2008 triarii
1290 1970 1385 2009 nihil
1435 1984 1642 2012 mutarunt.

895 2027 1053 2067 adiuuat
1084 2028 1311 2080 opinionem
1341 2027 1505 2067 nostram
1538 2033 1647 2068 Cice·

894 2099 956 2132 ro,
974 2098 1061 2122 cum
1079 2086 1132 2122 ait
1152 2085 1193 2121 in
1215 2085 1335 2123 Bruto
1355 2091 1463 2136 c.78.
1505 2087 1646 2141 [⁸121stst

895 2141 1072 2182 velitibus
1090 2150 1306 2180 amentatae
1330 2140 1558 2181 traduntur.
1598 2146 1645 2183 Et

898 2197 1063 2238 Ouidius
1082 2197 1125 2235 in
1143 2196 1232 2235 Ibin
1264 2212 1301 2237 v.
1315 2208 1381 2252 45.

957 2281 1082 2336 thue
1087 2282 1186 2333 petit
1195 2284 1319 2334 primo
1333 2280 1643 2337 plenumflaukn-

1061 2348 1116 2378 tu·
1141 2353 1282 2379 arenae

1010 2404 1196 2448 Nondum
1214 2404 1376 2461 calfaft'i
1392 2406 1519 2464 velitis
1536 2409 1646 2466 hasta

1060 2464 1200 2515 solum.
1290 2471 1293 2475 ’

899 2535 1096 2575 Praeterea
1114 2532 1453 2574 dissimilitudinem
1472 2548 1550 2574 non
1562 2545 1646 2587 par·

900 2605 988 2631 vam
1007 2593 1109 2630 inter
1131 2590 1206 2644 pila
1229 2590 1401 2638 velitum,
1432 2593 1647 2635 eahastato·

905 2662 1004 2694 rum,
1031 2650 1324 2701 principumque
1354 2649 1486 2696 hastas,
1517 2660 1646 2701 aperte

904 2703 1085 2749 Polybius
1108 2704 1185 2756 ipse
1205 2705 1377 2744 ostendit.
1436 2709 1510 2744 Aut
1530 2707 1648 2756 igitur

905 2759 996 2814 pila,
1008 2771 1073 2800 aut
1093 2761 1211 2800 hastas
1234 2772 1440 2801 amentatas
1453 2760 1584 2801 velites
1606 2763 1647 2799 in

904 2818 1044 2866 hostes,
1062 2828 1267 2873 antequam
1292 2816 1494 2870 legionarii
1526 2818 1646 2869 impe·

968 2876 998 2914 Y
1012 2881 1035 2919 Υ
1062 2885 1090 2917 2
1181 2876 1185 2879 ‘
1564 2885 1648 2913 tum
