1881 3173
112 824 281 862 triticum
303 825 492 862 veniebat.

297 141 365 179 IN
394 141 508 182 CIC.
545 141 744 183 EPIST.
772 145 898 183 FAM.
927 145 1035 185 LIB.
1063 144 1148 184 XII.
1175 144 1367 187 EPIST.
1393 149 1498 191 XIII.

28 255 38 294 ζ
86 262 88 265 “
125 255 204 300 907,
258 249 417 302 Φάληρον
468 250 647 304 Φαληροῖ,
696 253 863 304 Φρέαῤῥον

125 307 158 347 Φ
182 312 300 355 soe-35³5.

157 327 320 406 §Ternis
348 364 651 408 tetradrachmis
686 369 860 408 triticum

122 421 229 473 apud
246 422 493 463 Dolabellam
513 423 582 477 est]
639 424 858 464 Mensuram

119 493 200 518 uon
231 482 423 520 nominat:
466 479 526 519 sed
558 480 791 520 medimnum
818 484 858 520 li-

119 538 288 586 gnificari
311 540 417 590 puto.
447 551 535 576 nam
556 538 706 576 modius
723 540 859 577 Roma-

17 622 18 625 *
55 634 58 639 ⁴
108 607 166 642 *na
188 592 359 632 mensura
379 593 463 633 fuit.
503 594 550 633 de
570 595 764 634 medimno
792 610 856 635 au-

118 660 194 690 tem
213 665 259 689 co
277 651 393 700 magis
416 653 596 699 arbitror,
625 654 714 704 quia
743 663 854 692 tetra-

117 707 337 747 drachmum
365 722 544 747 nummus
574 709 751 747 Asiaticus
781 712 851 748 est:

114 775 152 804 et
176 765 403 813 Laodiceae,
432 779 528 818 quae
562 765 634 804 fuit
665 767 702 804 in
734 768 850 813 Syria,

108 882 262 918 modios
294 881 404 933 capit,
438 891 474 918 et
504 880 703 932 amphoras
733 879 848 919 duas:

110 947 153 977 vt
179 951 221 976 ex
243 938 377 977 Fannii
407 938 571 976 versibus
595 936 844 986 cogff'ostitur.

107 992 169 1032 sed
193 995 377 1046 quoniam
405 996 519 1032 tritici
558 992 665 1046 plura
692 1007 844 1043 genera,

106 1065 175 1089 nec
196 1051 364 1090 eiusdem
379 1052 506 1089 omnia
519 1051 700 1103 ponderis
713 1068 722 1095 ;
739 1051 843 1104 quod

106 1106 248 1147 Plinius
279 1107 344 1147 lib.
365 1115 426 1157 18.
465 1122 493 1146 c.
511 1119 552 1161 7.
577 1107 708 1147 docet:
753 1108 842 1148 ideo

42 1182 47 1185 ·
102 1166 286 1204 medimni
319 1163 491 1203 mensura
523 1176 626 1205 certo
656 1165 841 1205 librarum

104 1236 266 1261 numero
288 1222 439 1261 definiri
455 1236 533 1260 non
562 1223 695 1274 potest.
733 1225 838 1262 varia

99 1281 199 1318 eniiu
233 1281 283 1318 est
319 1292 390 1333 pro
423 1281 604 1318 varietate
642 1279 836 1319 frumenti.

97 1336 272 1376 Italicum
295 1335 470 1388 vquidem
514 1346 550 1375 et
583 1336 760 1384 candore,
798 1348 836 1376 et

94 1393 265 1447 pondere
289 1392 436 1432 'ceteris
469 1395 647 1433 omnibus
688 1392 830 1433 Plinius

93 1451 313 1503 anteponit:
345 1449 405 1488 sed
436 1442 649 1490 Romanum
682 1453 720 1488 in
749 1465 829 1489 mo-
871 1493 873 1496 ,

95 1507 159 1546 dio
187 1506 322 1546 leuiter
347 1518 525 1560 aequato,
546 1522 625 1547 non
653 1508 737 1561 pala
766 1508 825 1547 de-

89 1563 227 1619 preffo,
248 1561 296 1602 ad
321 1565 472 1602 vicenas
494 1562 610 1604 libras
643 1579 720 1603 non
745 1579 826 1617 per-

90 1623 236 1667 venire,
287 1622 411 1659 atinus
432 1623 617 1669 Latinius,
636 1624 697 1660 vir
715 1623 826 1660 boni·

87 1689 163 1719 tate
187 1678 332 1725 infigm,
353 1690 390 1716 et
416 1675 597 1730 peracuto
627 1679 820 1731 praeditus

83 1737 252 1783 ingenio,
273 1735 366 1773 mihi
398 1733 613 1782 affirmauit,
645 1745 821 1788 expertus

83 1791 240 1845 ipsemet
277 1793 318 1830 in
347 1790 608 1844 quadrantali,
646 1791 709 1830 sua
742 1793 818 1830 iam

28 1868 31 1871 ·
82 1849 264 1888 industria
289 1846 389 1888 facilc
409 1847 456 1886 ad
485 1847 697 1887 mensuram
729 1863 819 1901 qua-

79 1905 182 1945 drati
220 1905 325 1959 pedis'
372 1906 547 1947 Romani.
589 1904 692 1957 quod
732 1920 817 1945 cum

80 1963 264 2016 amphora
287 1963 340 2009 sit,
363 1964 610 2015 etaxnphoras
636 1963 815 2001 duume-

77 2020 230 2060 diuinus
242 2019 555 2073 capiat,idemque
567 2019 717 2057 modios
731 2019 788 2058 sex
802 2034 812 2059 ε

53 2077 160 2117 *satis
197 2075 332 2130 liquet,
372 2076 523 2116 modios
571 2076 809 2129 quadrantali

74 2143 203 2173 ternos
224 2134 440 2173 >contineri
483 2130 707 2186 qtuadrantal
745 2149 808 2172 au·

71 2200 146 2231 tem
171 2189 364 2229 frumento
384 2202 599 2244 aequatum,
619 2190 702 2244 pala
729 2205 808 2230 non

71 2246 262 2300 depresso,
294 2246 410 2294 libras
446 2248 580 2302 pendit
622 2250 736 2287 LVII.
770 2259 806 2287 et

68 2307 181 2343 vnius
202 2304 423 2343 dimidium:
462 2304 655 2358 depresso,
688 2304 806 2344 libras

66 2363 196 2402 LXIV.
217 2372 253 2408 et
274 2363 384 2399 vuius
407 2360 629 2410 dimidium:
657 2360 804 2415 depres-

64 2417 119 2465 so,
146 2429 183 2458 et
203 2417 409 2465 cumulato,
434 2417 550 2457 libras
581 2421 731 2459 LXXII.
762 2431 800 2459 et

63 2477 177 2513 vnius
228 2474 440 2529 dimidium.
488 2474 549 2514 sed
598 2490 796 2529 ponamus,

61 2532 209 2570 Asiatici
247 2533 375 2577 tritici,
413 2531 460 2570 de
499 2546 577 2585 quo
624 2531 797 2586 loquitur

8 2618 11 2623 ,
61 2589 215 2635 camus,
249 2588 398 2640 pondus
427 2588 536 2627 fuisse
571 2592 721 2628 vicenas
752 2593 794 2629 in

56 2645 188 2684 modio
225 2642 354 2692 libras,
393 2646 627 2685 medimnum
662 2657 788 2687 autem

54 2704 172 2740 ternis
191 2701 475 2741 tetradrachmis
496 2703 670 2742 veniiffe:
705 2718 788 2757 pre·

53 2760 148 2797 tium
179 2760 264 2804 erit,
291 2771 363 2810 pro
396 2757 544 2807 singulis
571 2760 785 2808 medimnis,

51 2814 96 2879 id·
111 2817 162 2854 est
179 2814 287 2855 libris
308 2817 419 2858 CXX.
439 2817 586 2856 denarii
608 2819 692 2858 xil,
715 2820 787 2871 qui.

551 822 766 862 Medimnus
788 823 848 862 sex
869 862 872 865 ,

1583 157 1672 210 765

918 254 1004 295 sunt
1040 254 1194 295 sestertii
1230 259 1379 297 nummi
1409 262 1580 301 XLVIII.
1624 265 1665 304 id

917 314 981 360 est,
1004 312 1095 352 asses
1122 312 1274 364 cgtcll.
1310 315 1402 354 atses
1434 328 1561 357 autem
1593 324 1665 360 Ve-

917 373 1012 409 netis
1052 368 1252 418 marculis,
1289 373 1356 424 qui
1387 378 1564 424 quaterni
1597 392 1657 417 re·

915 425 1101 479 spondent
1121 429 1237 466 ternis
1271 429 1436 468 baim-cis
1463 435 1659 480 Romanu,

915 484 1169 523 aestimantur.
1202 485 1364 536 quodsi
1398 488 1508 526 CXX.
1541 492 1659 529 trititi

914 540 1035 579 librae
1056 543 1190 581 afflbus
1211 543 1360 582 cxcu.
1384 557 1573 591 vcncunt3
1604 547 1656 585 sc-

915 600 1062 649 quitur,
1082 609 1122 637 vt
1154 598 1317 647 singulae
1342 598 1461 640 librae
1492 615 1656 643 veneant

911 654 994 699 at'l'e,
1017 666 1052 692 et
1071 657 1184 693 vuius
1215 657 1338 695 tribus
1369 660 1513 710 quintis
1536 662 1654 713 parti·

912 711 992 748 bus.
1025 713 1075 748 ita
1110 714 1277 751 Romana
1314 714 1507 763 mensura,
1537 732 1653 770 quam

907 768 1064 805 rubium
1085 768 1202 807 hodae
1223 781 1375 817 vocant,
1405 771 1650 814 sexcent-irum

905 821 1093 862 libiarum
1134 826 1317 876 pondere,
1357 830 1423 879 qui
1463 831 1649 871 mediumi

905 884 1076 932 quinque
1101 884 1196 927 lunt,
1221 883 1371 922 scutatis
1405 887 1475 924 crit
1497 890 1576 928 ViI.
1609 900 1647 929 et

903 939 1037 976 anit-us
1080 940 1109 976 X
1122 940 1152 975 X
1167 942 1196 976 V
1210 941 1238 977 1.
1297 941 1647 985 'I‘etradrachnzum

901 996 1076 1033 Asiaticus
1100 1009 1290 1044 nurumuS,
1308 1007 1424 1049 atque
1447 1002 1559 1038 etiam
1582 1008 1646 1041 At-

901 1056 996 1090 ticus
1018 1052 1104 1098 fuit,
1137 1064 1176 1090 vt
1206 1054 1340 1091 Liuius
1377 1053 1506 1105 docet,
1538 1069 1645 1110 quat-

902 1119 991 1147 tuor
1015 1108 1279 1148 drachmarum
1311 1111 1506 1163 pondere3
1534 1116 1641 1166 quod

901 1165 960 1204 vel
986 1179 1029 1203 ex
1049 1167 1206 1204 nomine
1225 1168 1465 1216 intelligitur.
1485 1172 1641 1225 respon.

897 1221 985 1261 dere
1012 1223 1132 1261 tribus
1158 1222 1238 1262 fere
1272 1223 1462 1271 denariis,
1492 1230 1546 1267 ait
1573 1230 1638 1268 Li.

895 1281 980 1318 vius
1002 1277 1068 1317 lib.
1089 1292 1152 1332 34.
1176 1293 1205 1318 c.
1221 1290 1282 1328 52.
1314 1280 1569 1334 scdloqui.11r'
1587 1285 1635 1324 de

891 1334 1040 1374 leuiore
1075 1336 1271 1384 drachma,
1301 1351 1322 1376 a
1353 1336 1494 1379 Solone
1520 1341 1629 1381 indu-

887 1393 959 1439 cia,
987 1406 1086 1445 quae
1116 1392 1315 1433 denarium
1347 1394 1517 1448 pondere
1549 1412 1632 1438 non

885 1452 1086 1502 aequabat,
1108 1448 1168 1488 sed
1194 1453 1304 1489 tertia
1322 1450 1377 1490 sui
1394 1464 1516 1505 farte,
1531 1469 1630 1508 quae

883 1506 1032 1546 denarii
1054 1517 1187 1560 quarta
1208 1521 1293 1561 pars
1314 1519 1407 1556 erat,
1428 1510 1629 1563 superaba-

882 1573 956 1603 tur.
994 1575 1213 1617 propterea,
1244 1566 1361 1603 trium
1393 1564 1478 1605 fere
1509 1568 1626 1609 dena-

882 1622 1031 1659 riorum
1058 1616 1102 1659 in
1138 1620 1290 1670 fingulis
1328 1622 1616 1666 tetradrachmis

878 1679 1025 1725 argenti
1041 1676 1193 1729 pondus
1225 1676 1319 1724 esse,
1353 1681 1486 1719 Liuius
1511 1683 1618 1724 dixit.

875 1735 1017 1772 habent
1038 1735 1138 1772 mim
1172 1733 1372 1786 scriptores
1401 1737 1481 1776 eius
1501 1742 1623 1780 ratio.

876 1805 963 1829 nem
996 1791 1194 1842 temporiS,
1226 1789 1272 1828 de
1309 1804 1387 1843 quo
1426 1792 1618 1847 scribunt,

876 1861 957 1885 non
978 1860 1057 1899 quo
1077 1847 1244 1885 scribunt
1258 1848 1338 1900 ipfi.
1374 1861 1461 1888 nam
1496 1864 1533 1891 et
1554 1855 1616 1893 Li-

876 1905 941 1950 vii,
972 1914 1010 1942 et
1038 1905 1234 1943 Ciceronis
1263 1915 1396 1953 aetate,
1429 1920 1471 1946 ac
1502 1909 1613 1950 Plinii

872 1961 1024 2014 postea,
1052 1960 1371 2001 tetradrachmum
1407 1965 1522 2004 trium
1550 1967 1614 2006 de-

870 2019 1068 2056 nariorum
1102 2017 1384 2070 pondere'non
1414 2033 1518 2069 erat,
1547 2021 1610 2063 sed

867 2084 1051 2127 quattuor
1090 2073 1202 2126 plane
1234 2074 1400 2114 denariis
1437 2079 1610 2131 aequale.

864 2133 946 2171 Nec
964 2145 1074 2178 vero,
1086 2134 1174 2183 quia
1195 2133 1327 2170 Liuius
1339 2132 1497 2180 addidit,
1506 2138 1608 2188 fere,

864 2198 1020 2227 notatur
1040 2186 1300 2241 inaequalitas,
1314 2188 1374 2228 sed
1397 2193 1525 2243 potius
1547 2194 1606 2234 of·

862 2246 1062 2284 ficinarum
1084 2243 1332 2292 consuetudo,
1347 2260 1445 2299 quae
1466 2252 1604 2289 nonni.

860 2300 915 2340 hil
932 2301 1125 2340 interdum
1157 2301 1203 2339 de
1226 2301 1396 2350 legitimo
1430 2309 1605 2345 denario-

860 2372 945 2398 rum
965 2358 1138 2412 pondere
1158 2357 1373 2398 detrahunt.
1405 2362 1508 2412 quod
1522 2363 1600 2402 for-

855 2413 945 2454 tass'e
971 2417 1061 2462 iam,
1093 2417 1250 2454 viuente
1278 2417 1406 2461 Liuio,
1432 2421 1601 2468 Augusto

851 2474 1040 2525 principe,
1060 2472 1144 2510 fieri
1163 2483 1342 2523 coeptum
1371 2484 1464 2513 erat.

906 2539 1126 2594 Triticum]
1185 2543 1330 2582 Tritici
1355 2542 1524 2592 modius,
1554 2544 1601 2584 li-

849 2600 940 2639 brae
960 2601 1073 2640 XXV.

902 2683 999 2740 Ego]
1030 2686 1219 2734 Quaestor
1240 2687 1283 2724 C.
1296 2685 1404 2725 Caffii
1428 2699 1599 2739 procon·

843 2739 946 2781 sulis.

904 2808 1108 2864 Turulius]
1164 2812 1352 2862 Qiaestor
1371 2809 1535 2853 Cimbri.

1386 2868 1536 2918 Patisa
1551 2871 1589 2918 s]
