1881 3173
205 81 294 136 644

207 193 450 244 tisfacerent,
467 204 536 245 per
552 192 854 246 aestimationem
866 191 952 245 pos-

197 250 413 304 seffionum,
433 252 572 306 quanti
596 264 761 306 quasque
792 259 884 288 ante
901 250 952 288 ci·

210 318 288 351 vlle
308 307 445 349 bellum
472 303 766 360 comparassent,
792 303 955 346 deduHO

200 367 378 420 summae
409 365 505 403 aeri·
546 363 679 409 alieni,
689 362 741 416 si
758 361 855 418 quid
871 362 956 412 vsu-

213 437 284 464 rae
304 422 452 461 nomine
483 430 744 464 numeratum,
773 429 845 457 aut
869 428 956 469 per-

200 481 396 535 firiptum
425 474 582 532 fuf'ffi’t:
625 489 701 531 qua
741 475 958 514 conditione

213 548 359 593 quarta
377 548 471 588 pars
482 533 567 585 fere
587 531 729 572 crediti
745 529 957 583 deperibat.

215 597 313 635 Cum
335 595 452 643 igitur
474 591 643 643 Papirius
664 601 709 627 ex
727 601 777 626 eo
787 585 957 628 Caesaris

215 653 368 692 decreto
389 661 564 698 magnam
581 659 603 684 a
624 645 865 685 debitoribus
881 643 960 698 pla-

216 723 302 761 gam
340 704 548 759 accepisset,
587 703 789 742 aestimatis
823 703 961 742 eorum

219 764 519 821 poffessionibus‚
551 775 630 800 non
675 760 811 812 quanti
843 758 962 800 essent

219 839 266 864 eo
289 833 475 875 tempore,
495 817 556 858 sed
579 819 713 871 quanti
741 827 828 856 ante
848 814 962 856 ciuile

218 879 363 921 bellum
386 875 563 920 fuiffent;
600 877 752 922 iocans,
779 883 821 913 vt
854 871 962 920 solet,

219 941 368 982 Cicero,
396 949 444 973 ne
463 931 606 979 credas,
627 932 768 984 inquit,
797 944 882 969 cum
901 943 973 969 me-

221 993 387 1048 hospitio
405 991 578 1044 recipias,
598 989 897 1028 aestimationem
927 997 964 1025 te

221 1053 389 1105 aliquam
417 1058 672 1101 accepturum.
758 1047 803 1084 Et
845 1043 964 1083 dixit:

222 1107 520 1164 aestimationem
551 1104 742 1158 aliquam,
770 1113 964 1155 tamquam

223 1171 263 1217 fi,
286 1177 465 1215 magnum
494 1159 654 1214 aliquod
680 1159 882 1206 damnum,
911 1157 965 1197 di·

225 1223 343 1265 xisset.
430 1219 601 1273 Papirius
622 1219 725 1256 enim
742 1217 966 1255 aestimatio-

225 1296 306 1328 nes,
325 1277 365 1318 id
384 1277 435 1317 est
455 1274 609 1330 praedia
630 1288 699 1327 per
718 1274 885 1313 arbitros
907 1286 967 1311 ae-

226 1341 385 1383 stimata,
428 1347 450 1372 a
496 1332 737 1372 debitoribus
769 1332 968 1383 accipiens,

227 1395 361 1436 crediti
379 1393 563 1430 ia&uram
583 1403 662 1427 non
695 1389 895 1426 minimam
916 1385 969 1426 fe·

226 1463 349 1496 cerat3
377 1463 461 1488 cum
474 1455 607 1500 quarta
619 1444 698 1484 fere
718 1458 804 1499 pars
824 1443 972 1491 crediti,

227 1521 268 1551 vt
290 1509 385 1548 dixit
404 1505 622 1551 Suetonius,
643 1501 844 1556 deperiret.
897 1503 971 1540 De-

229 1566 320 1608 inde
347 1563 539 1615 sequitur:
575 1561 707 1599 Etiam
731 1558 821 1599 haec
847 1559 972 1599 leuior

229 1624 281 1679 est
298 1623 417 1676 plaga
439 1616 488 1657 ab
511 1618 646 1663 amico,
677 1629 791 1669 quam
820 1630 844 1654 a
877 1613 975 1654 debi-

231 1693 337 1723 tore.-
365 1677 438 1716 hoe
459 1675 522 1722 est,
547 1685 584 1713 et
608 1685 748 1720 tamen,
780 1671 885 1725 quod
924 1671 972 1710 ab

232 1738 355 1778 amico
374 1735 478 1773 bona
503 1742 566 1771 tua
597 1729 860 1776 comedantur,
892 1742 973 1767 non

232 1794 274 1836 id
298 1793 370 1833 tibi
392 1803 512 1842 aeque
529 1801 645 1839 graue
667 1785 739 1826 effe
771 1785 898 1832 debet,
920 1796 973 1824 at-

234 1864 309 1905 que
330 1846 425 1888 illud
446 1846 509 1894 est,
521 1843 626 1897 quod
646 1842 864 1882 debitorum
874 1840 975 1881 eaus-

235 1910 272 1949 sa
292 1902 489 1960 deperdisz
522 1915 543 1940 a
565 1901 706 1954 quibus
722 1899 978 1953 poss'essiones,

236 1963 371 2019 quanti
389 1959 557 2000 vendere
583 1971 793 2010 numquam
820 1957 980 2010 poteris,

235 2017 478 2074 accipiendae
516 2016 588 2055 tibi
635 2013 732 2053 sunt.
818 2012 980 2052 Eaedem

237 2077 516 2120 nestimationes
571 2069 673 2110 infra
732 2072 983 2110 nominantur

238 2137 342 2192 epist.
359 2135 423 2176 18.
928 2169 931 2171 ,

298 2193 383 2232 Nec
415 2200 543 2228 tamen
581 2200 641 2225 eas
666 2197 779 2226 cenas
808 2196 946 2239 quaero

238 2254 324 2292 Hoc
342 2246 509 2286 refertur
528 2243 575 2282 ad
596 2243 770 2296 proxima
783 2239 981 2294 superiora

241 2306 372 2351 verba,
393 2304 509 2343 etiam
532 2300 624 2340 haec
650 2299 774 2339 leuior
795 2299 842 2354 est
859 2297 980 2356 plaga

240 2365 289 2405 ab
312 2363 443 2402 amico.

298 2415 553 2469 Magnificum
561 2411 625 2464 sit
645 2422 683 2451 et
701 2410 865 2467 lautum]
894 2415 983 2453 Ma.

236 2475 430 2535 gnfiss‘ms
450 2483 601 2521 genere,
620 2480 661 2507 vt
679 2481 861 2521 pauones,
891 2482 985 2529 ειμι.

245 2544 370 2583 genes,
381 2543 469 2567 aues
491 2527 702 2571 Phasianae.
716 2526 983 2579 accipenseres,

247 2583 436 2633 mustelae,
453 2581 555 2624 aselli
572 2597 580 2620 τ
608 2584 773 2630 lautum,
790 2594 870 2624 arte
889 2587 984 2631 coci,

248 2657 284 2687 et
304 2653 504 2698 apparatus
538 2638 735 2688 elegantia.

307 2700 514 2749 Phameae]
551 2698 628 2744 Qu
646 2694 719 2734 fuit
738 2709 832 2735 auus
851 2694 987 2747 Tigel-

250 2758 293 2799 lii
313 2757 489 2798 tibicinis.
522 2749 589 2792 lib.
609 2762 648 2806 7.
682 2753 786 2806 epist.
808 2766 874 2805 24.

433 80 658 123 PAVLLI
695 78 988 120 MANv'r’u
1034 79 1548 143 COMMENTARIVS

1065 189 1312 245 Temperius]
1394 195 1599 234 Maturius.
1625 193 1753 242 refero

1011 250 1115 289 enim
1133 247 1182 288 ad
1202 258 1366 302 tempus,
1386 248 1466 289 non
1493 250 1541 290 ad
1559 249 1758 301 frugalita-

1011 316 1100 345 tem.
1129 305 1203 345 hoc
1220 301 1385 345 verbum
1403 305 1497 347 alibi
1517 306 1631 347 semel
1650 307 1756 348 dum-

1012 372 1131 408 taxat,
1160 361 1265 414 quod
1292 363 1471 415 equidem
1497 363 1662 415 legendo
1688 365 1757 417 ob-

1013 417 1270 465 seruauerim,
1317 418 1537 475 vsurpatum
1583 423 1757 461 inuenio.

1014 477 1072 515 Sic
1092 484 1220 514 autem
1234 472 1417 526 ,locutum
1438 477 1510 518 esse
1532 477 1760 518 Cornelium

1014 534 1223 586 Nepotem,
1242 533 1442 573 Ciceronis
1466 535 1688 589 aequalem,
1713 547 1762 576 ex

1016 589 1160 628 Donati
1175 589 1318 635 verbis,
1330 603 1428 644 quae
1445 591 1531 632 sunt
1548 595 1589 631 in
1609 594 1765 632 Teren·

1017 647 1063 686 tii
1092 648 1198 692 vita,
1234 643 1347 686 facile
1379 649 1529 701 poffum
1559 651 1762 689 coniicere.

1020 703 1165 757 Nepos,
1183 700 1325 756 inquit,
1357 704 1512 745 auc'lore
1539 717 1643 747 certo
1668 720 1770 761 com-

1013 757 1205 813 periffefi
1224 763 1298 808 ait,
1319 761 1358 800 C.
1370 760 1548 802 Laelium
1570 761 1764 816 quondam

1018 819 1060 857 in
1080 817 1296 857 Puteolano
1324 817 1510 859 Kalendis
1537 819 1670 860 Mart.
1697 817 1768 858 ad·

1017 877 1206 913 monitum
1235 872 1285 915 ab
1315 888 1455 923 vxore,
1489 879 1693 929 temperius
1720 885 1767 916 vt

1017 928 1286 978 discumberet,
1308 929 1450 986 petz‘sse
1476 933 1524 972 ab
1549 948 1608 980 ea,
1639 947 1686 972 ne
1709 933 1768 972 in*

1019 987 1316 1039 terpellaretur:
1350 988 1480 1039 serius
1520 989 1677 1029 tandcm
1713 993 1771 1028 in·

1013 1040 1180 1101 grffmt
1200 1045 1420 1084 triclinium
1439 1042 1586 1099 dixlffb,
1599 1061 1672 1086 non
1683 1046 1770 1097 sae·
1806 1045 1809 1047 ⁴
1858 1035 1865 1038 .

1017 1113 1066 1154 pe
1100 1101 1142 1139 in
1168 1098 1378 1150 firibetzdo
1415 1103 1541 1154 magis
1568 1099 1770 1156 fiaecceffiJJ}

1008 1155 1118 1211 fibi:
1145 1154 1282 1197 deinde
1301 1156 1501 1210 rogatum,
1547 1170 1592 1198 vt
1613 1160 1769 1212 scripta

1022 1214 1096 1254 illa
1111 1212 1324 1266 proferret,
1343 1213 1602 1269 pronunciasti·
1623 1217 1771 1268 versus,

1022 1269 1200 1327 quisunt
1232 1272 1272 1309 in
1298 1270 1752 1313 Heautontimorumeno.-

1082 1338 1201 1388 Satis,
1214 1341 1295 1395 pol,
1308 1353 1492 1395 proterue
1511 1357 1571 1384 me
1581 1344 1668 1392 Syri
1683 1356 1772 1398 pro·

1197 1396 1302 1453 miffii
1331 1398 1402 1439 huc
1432 1399 1688 1442 induxerunt.

1028 1469 1194 1509 Ouidius
1217 1480 1254 1508 et
1286 1468 1515 1520 Columella,
1546 1474 1774 1525 temporius,

1029 1527 1181 1566 dixere:
1224 1527 1330 1579 quod
1361 1531 1554 1567 recentius
1605 1528 1773 1577 videtur,

1029 1583 1234 1624 dedueium
1253 1594 1432 1636 atempus
1450 1587 1654 1637 temporis:
1681 1597 1774 1626 tem·

1023 1643 1156 1695 perius-
1175 1651 1317 1688 autem,
1337 1643 1552 1694 antiquum,
1578 1655 1601 1681 a
1627 1653 1775 1696 tempus

1031 1701 1236 1749 temperis:
1286 1698 1611 1750 quemadmodum
1646 1697 1776 1739 dixere

1029 1766 1192 1802 veteres,
1220 1755 1359 1810 plgnus
1377 1758 1563 1812 pigneris,
1593 1756 1693 1796 vnde
1717 1758 1776 1810 pi·

1023 1825 1147 1868 guero
1166 1811 1350 1850 verbum:
1376 1813 1605 1865 posteriores
1634 1824 1776 1862 autem,
1841 1816 1845 1818 ’

1030 1881 1168 1925 pignus
1192 1869 1379 1924 pignoris.
1427 1869 1579 1909 Plautus
1605 1872 1648 1909 in
1679 1869 1777 1910 Pers.

1035 1927 1117 1965 Λᾶ.
1128 1934 1166 1964 2.
1191 1926 1293 1965 Sc.2.
1316 1938 1353 1964 v.
1369 1937 1440 1978 47.

1031 1999 1033 2002 “
1091 1995 1267 2049 Temperi
1300 1994 1398 2036 hanc
1428 1997 1606 2053 vegilare'
1632 2009 1781 2052 oportet

1066 2051 1070 2055 ’
1187 2050 1419 2105 fhrmulam,
1429 2066 1545 2109 atque
1555 2056 1778 2096 aetatulam.

1039 2124 1084 2162 Et
1108 2121 1210 2162 infra
1239 2111 1381 2177 Afih15.¹
1397 2125 1450 2163 Sc.
1466 2135 1502 2165 1.
1529 2138 1565 2165 v.
1583 2138 1645 2179 15-

1243 2192 1358 2260 Cedo-
1388 2207 1526 2250 parem
1570 2210 1681 2254 quem
1719 2209 1785 2252 pe-

1099 2306 1180 2348 ΤΟ.
1201 2262 1402 2361 Εἱξνιιὶρενί.

1041 2380 1085 2419 Et
1101 2381 1142 2418 in
1160 2379 1323 2421 Rudent.
1351 2382 1483 2436 Λέξις.
1513 2382 1616 2426 Sc.2.
1637 2396 1671 2422 v.
1692 2377 1754 2424 16.

1099 2452 1140 2492 V
1135 2451 1276 2508 igilare
1317 2451 1426 2493 decet
1469 2455 1676 2501 hominem,
1717 2453 1784 2509 qui

1210 2507 1290 2547 volt
1305 2510 1385 2561 sua
1413 2514 1576 2565 temperi
1604 2526 1670 2552 con
1700 2523 1784 2553 cere

1203 2563 1339 2617 offi'cia.

1101 2633 1165 2676 Ad
1182 2639 1322 2676 matris
1351 2647 1445 2678 tuae
1473 2635 1621 2692 cenam]
1660 2642 1708 2680 Vt
1726 2654 1783 2678 ac—

1045 2694 1160 2746 cipias
1188 2707 1248 2731 me
1296 2692 1436 2744 frugali
1472 2710 1584 2744 cena,
1631 2697 1784 2752 qualem

1046 2749 1137 2789 dare
1158 2748 1303 2790 solebat
1323 2763 1443 2809 mater
1461 2763 1537 2793 tua.

1644 2807 1787 2850 Peram

1856 35 1860 47 Ι

1856 65 1860 81 '-

1801 112 1806 115 -
1857 83 1861 130 ε

1857 134 1862 211 l
1879 154 1881 178 l
