1881 3173
220 99 307 144 722

221 203 369 242 natium
397 200 590 251 Plancum,
629 205 791 244 Antonii
817 205 965 254 ducem,

219 258 351 314 paullo
369 257 459 300 ante
477 260 627 314 proelio
650 264 813 301 vicerat:
840 274 882 302 vt
913 265 965 302 est

217 318 261 356 in
281 315 376 361 Phil.
391 328 454 366 13.
474 333 504 357 c.
521 330 585 360 12.
606 328 644 358 et
673 319 775 373 apud
796 320 965 358 Dionem

216 372 285 414 lib.
295 377 364 424 46.
394 376 466 414 Hic
484 377 549 424 est,
566 377 722 428 opinor,
745 390 860 428 quem
879 375 964 414 scri-

215 431 274 470 bit
294 432 498 470 Suetonius
519 434 560 470 in
579 432 680 471 Iulio
699 438 808 484 c.78.
829 434 963 471 trium-

216 488 352 543 phanti
375 487 544 533 Caesari,
578 498 614 526 et
646 487 820 528 subsellia
843 490 963 528 tribu-

218 545 318 584 nicia
343 546 627 597 praetereunti,
657 559 777 585 vnum
796 559 817 584 e
848 544 962 585 colle-

215 602 281 651 gio
321 615 400 640 non
427 599 684 640 assurrexisse:
729 601 836 654 quod
864 602 961 642 adeo

214 656 415 697 Caesarem
442 656 708 706 indignatum,
737 663 796 698 vt'
814 658 962 714 procla-

205 714 391 761 ·mauerit,
413 724 543 766 repete
560 727 651 769 ergo
679 731 704 754 a
729 729 786 755 me
816 718 960 768 Aquila

212 768 488 822 rempublicam
508 769 688 810 tribunus
700 787 712 819 ,·
722 787 790 811 nec
814 771 962 812 destite-

211 829 280 874 rit,
299 839 368 880 per
392 829 596 866 continuos
629 827 722 876 dies,
748 831 959 882 quidquam

211 886 404 936 cuiquam,
430 885 497 922 nisi
532 883 599 923 sub
634 885 702 924 hae
732 889 957 940 exceptione

213 940 414 996 polliceri,
439 939 493 992 st
513 951 644 981 tamen
678 955 747 993 per
776 944 958 983 Pontium

213 998 403 1053 Aquilam
421 997 591 1037 licuerit.
647 1000 786 1039 Fuerat
812 1002 851 1038 in
877 1014 959 1053 par·

212 1056 314 1094 tibus
333 1053 504 1094 Caesaris
535 1053 640 1093 ciuili
663 1055 766 1095 bello
789 1056 959 1111 superio·

210 1125 275 1151 re:
306 1121 349 1151 vt
372 1112 404 1149 is
431 1110 556 1158 docet,
580 1112 710 1164 quide
731 1108 835 1153 bello
859 1113 959 1154 Afri--

210 1182 305 1207 cano
332 1166 474 1207 librum
502 1167 652 1222 scripsit,
689 1185 718 1209 c.
733 1174 800 1213 62.
843 1173 958 1212 Periit

207 1227 414 1265 in'eadem
450 1239 576 1279 pugna
607 1241 694 1266 cum
727 1229 878 1267 Hirtio:
919 1240 956 1268 et

209 1283 378 1321 honores
399 1293 557 1322 mortuo
588 1283 741 1323 decreti.
773 1287 876 1337 epist.
894 1297 956 1337 ις.

207 1339 256 1378 ad
275 1342 329 1379 M.
350 1341 532 1379 Brutum:
562 1338 711 1392 Effiadg
728 1339 781 1394 s¹
801 1346 857 1380 ica
884 1345 955 1390 vis,

207 1397 362 1437 honores
401 1398 443 1436 in
483 1408 652 1437 mortuos
697 1397 886 1446 Hirtium,
916 1410 955 1439 et

213 1454 390 1503 Pansam,
417 1453 607 1508 Aquilam
626 1456 757 1494 etiam.
813 1459 857 1494 Et
878 1459 954 1494 Dio

207 1509 274 1550 lib.
285 1513 355 1561 46.
384 1511 569 1565 Aquilam
587 1513 628 1550 in
652 1526 782 1567 pugnat
803 1514 950 1563 caesum

198 1567 336 1622 statua
352 1565 610 1617 decorarunt5
636 1580 673 1607 et
702 1583 817 1624 quum
837 1571 955 1621 esuis

205 1623 314 1664 bonis
334 1623 390 1661 D.
403 1623 526 1663 Bruti
544 1623 733 1664 militibus
752 1628 953 1676 pecuniam

205 1680 391 1729 dederat,
425 1681 507 1720 eius
538 1681 738 1722 heredibus
773 1681 954 1724 reddide-

202 1746 312 1778 runt.
949 1749 954 1753 '

261 1819 415 1862 Habere
434 1820 625 1877 equitum]
638 1822 834 1867 Numerus
847 1826 953 1877 equi·

206 1888 290 1919 tum
312 1877 543 1917 desideratur
569 1879 610 1916 in
645 1880 826 1918 omnibus
855 1884 953 1920 anti-

206 1938 291 1989 quis
311 1934 436 1981 libris,
469 1945 621 1988 praeter
647 1948 767 1974 vnum
793 1938 952 1977 minime

204 2003 410 2039 recentem,
436 1993 478 2030 in
507 2005 586 2045 quo
618 1993 682 2039 est,
714 1995 884 2047 equitum
905 1999 950 2035 V.

204 2050 245 2090 id
261 2052 325 2097 est,
336 2051 509 2103 quinque
530 2047 661 2087 millia.
694 2062 783 2089 nam
802 2062 948 2091 veteres

205 2120 458 2147 numerorum
483 2117 611 2152 notae,
633 2105 745 2146 due'ta
777 2105 888 2161 supra
909 2108 954 2148 li-

205 2178 300 2212 nea,
327 2161 448 2212 millia
468 2156 692 2213 significant,
739 2177 822 2203 eam
857 2179 952 2205 vero

205 2219 348 2260 lineam
383 2219 492 2274 saepe
521 2233 542 2258 a
583 2218 748 2276 librariis
780 2222 951 2261 omifl'am

205 2277 291 2326 esse,
325 2280 480 2327 ignorat
517 2290 645 2315 neme.
727 2279 949 2331 Equitatum

205 2335 298 2374 ideo
349 2335 518 2374 seruauit
557 2331 792 2373 incolumem
832 2339 946 2376 Anto.

205 2393 305 2439 nius,
325 2393 415 2444 quia
435 2391 556 2430 caruit
575 2393 767 2442 equitibus
789 2394 949 2442 Hirtius,

206 2459 244 2488 et
274 2451 486 2488 Germanos
517 2447 686 2486 Caesaris
723 2451 870 2501 equites
899 2446 948 2489 at]

205 2507 416 2545 Antonium
462 2503 592 2559 paullo
618 2515 715 2558 ‚ante
755 2505 948 2557 proelium

202 2560 453 2612 transfugisse,
482 2562 557 2601 Dio
589 2562 777 2611 fignificat.

259 2646 439 2698 Legiones
475 2645 551 2699 sub
582 2646 715 2703 signis
770 2659 946 2688 armatas

418 82 646 132 PAVLLI
690 84 981 135 MANv'rn
1026 95 1550 141 οοΜΜΕΝΊ-Αιηνς

1016 198 1104 246 'non
1122 209 1265 262 passim,
1284 209 1347 249 sed
1368 211 1591 255 ordinatim.
1626 211 1766 256 Lucre·
1826 230 1839 252 ze

1021 265 1098 304 tius
1119 264 1238 328 *lib.5.
1261 281 1299 309 v.
1311 278 1408 322 997.

1077 357 1187 368 -——
1225 338 1365 379 Multa
1395 342 1526 382 virum
1542 339 1622 393 fitb
1633 341 1768 400 fignis
1824 334 1851 384 ⁸.

1187 396 1318 435 millia
1334 395 1466 437 duaa.

1021 463 1185 502 Tacitus
1216 462 1284 504 lib.
1311 478 1343 506 ι.
1373 471 1468 508 Hist.
1496 480 1610 523 e.70«
1631 478 1669 509 et
1695 466 1763 509 lib.
1828 434 1833 448 »

1019 530 1060 570 4.
1070 533 1099 558 e.
1108 531 1169 571 33.
1169 520 1450 578 ficbszignanum
1467 530 1629 567 militem
1641 534 1766 566 vocat.

1020 576 1127 630 Idem
1146 576 1213 616 lib.
1233 591 1272 620 2.
1291 593 1320 618 c.
1342 593 1401 634 ¹4·
1437 585 1651 642 Quingenti
1667 584 1768 623 Pan·
1830 626 1831 638 2
1855 609 1857 644 's

1019 636 1138 683 nonii,
1161 637 1328 676 nondum
1336 638 1415 689 sub
1426 641 1571 694 signis.

1073 704 1120 745 P.
1141 706 1337 762 Bagienni
1366 719 1477 750 BRN.
1515 713 1560 752 P.
1581 710 1765 767 Vagimt]

1017 760 1076 800 Sic
1110 764 1262 815 probo,
1307 778 1352 804 ex
1382 766 1614 808 Maffeorum
1646 768 1765 815 libro,

1018 830 1098 870 quo
1120 820 1236 859 etiam
1259 819 1355 861 olim
1372 821 1454 862 sum
1486 824 1587 865 Vsus,
1618 822 1762 877 reliqui

1016 887 1164 924 omnes,
1185 878 1451 930 Pupilli,>non
1475 881 1618 923 Publii.
1660 880 1764 921 idem

1013 929 1126 980 liber,
1149 935 1190 974 V
1185 936 1341 991 agienii.

1070 1003 1238 1044 Inermes
1258 1004 1347 1046 bene
1365 1008 1524 1062 multos]
1566 1010 1678 1063 Epist.
1696 1019 1761 1064 34.

1015 1069 1053 1099 et
1080 1058 1146 1100 lib.
1168 1072 1215 1100 11.
1240 1065 1419 1116 epist.1o.

1075 1117 1318 1170 Ventidium]
1349 1123 1460 1176 Epist.
1477 1130 1534 1174 19.
1551 1128 1609 1170 18.
1628 1134 1693 1174 34.
1723 1131 1762 1162 et

1014 1171 1083 1213 lib.
1106 1185 1159 1217 11.
1184 1177 1288 1228 epist.
1312 1190 1377 1218 10.

1072 1232 1261 1285 Septima]
1299 1233 1468 1274 Fortasse
1495 1232 1606 1274 aliter
1635 1231 1761 1284 legen·

1015 1287 1128 1327 dum:
1169 1304 1257 1328 narn
1305 1290 1462 1346 septima
1504 1306 1590 1331 cum
1628 1294 1761 1332 H.rtio

1013 1344 1096 1384 fuit.
1126 1344 1218 1386 Phil.
1238 1358 1295 1398 14.
1319 1363 1348 1388 c.
1365 1361 1425 1389 10.
1470 1346 1474 1350 ⁸
1496 1391 1498 1393 ,
1698 1394 1700 1397 ,
1731 1394 1733 1397 ,

1066 1402 1346 1453 Descenfierum
1367 1404 1424 1446 ατί
1440 1406 1636 1461 extrema]
1673 1407 1758 1449 Lib.

1013 1471 1062 1498 11.
1087 1462 1192 1513 epist.
1211 1471 1241 1499 1.
1286 1462 1351 1513 Asi
1381 1462 1575 1513 nouifflma
1602 1465 1760 1505 auxilia

1011 1515 1287 1567 descendemus.
1371 1522 1414 1558 Et
1435 1518 1500 1564 lib.
1515 1530 1553 1571 9.
1577 1519 1624 1559 ad
1645 1524 1757 1575 At'tic.

1012 1575 1192 1626 epist.18.
1276 1575 1410 1626 Sisila·
1427 1578 1595 1629 cotgfiliis
1615 1580 1756 1631 nostris

1010 1632 1070 1669 vti
1102 1644 1174 1669 non
1206 1632 1348 1679 liceret,
1378 1634 1535 1683 usurum
1549 1665 1559 1683 ‚
1596 1649 1759 1691 quorum

1005 1686 1132 1740 posset,
1164 1687 1221 1727 ad
1244 1691 1442 1746 omniaque
1474 1690 1541 1744 effe
1566 1691 1697 1744 defien
1718 1707 1760 1732 u·

1009 1758 1254 1854 νωέἑνηίιὶη]
1289 1802 1479 1851 Ergastula
1498 1803 1612 1845 soluit
1637 1809 1755 1846 Anto-

1010 1858 1108 1896 nius.
1129 1856 1257 1897 lib.11.
1281 1861 1383 1913 epist.
1398 1873 1455 1901 10.

1065 1914 1251 1955 Parmam
1266 1918 1479 1970 direptam]
1518 1921 1550 1956 A
1572 1920 1614 1959 L.
1637 1921 1752 1959 Anto·
1813 1967 1817 1974 ἱ

1007 1971 1088 2009 nio.
1126 1969 1290 2021 Phil.14.
1311 1987 1390 2025 c.4.

1065 2028 1110 2067 L.
1133 2030 1365 2084 Antonium]
1435 2032 1560 2071 Marci
1579 2031 1752 2079 fratrem.

1010 2085 1079 2136 qui
1115 2086 1291 2124 tribunus
1327 2087 1449 2141 plebis
1486 2088 1611 2130 fuerat
1648 2105 1751 2131 anno

1009 2140 1218 2195 superiore.

1066 2199 1153 2238 Aut
1171 2212 1304 2240 nomen
1324 2199 1507 2257 denique]
1580 2206 1644 2244 Ne
1662 2219 1750 2247 cum

1006 2254 1171 2308 imperio
1207 2269 1350 2297 nomen
1380 2263 1494 2300 etiam
1528 2260 1651 2315 ipsum
1685 2275 1749 2302 ex-

1005 2313 1226 2360 stinguatur.

1059 2369 1263 2423 Confluant
1283 2369 1339 2410 ad
1358 2372 1460 2426 eum]
1528 2374 1749 2416 Translatio

1004 2438 1026 2463 a
1044 2428 1257 2466 coniunctis
1283 2429 1516 2469 fluminibus.
1548 2434 1650 2485 epist.
1673 2433 1749 2487 seq.
1793 2448 1795 2451 ·

1005 2481 1069 2521 Ab
1088 2483 1296 2535 confluente
1316 2486 1496 2525 Rhodano
1513 2489 1649 2543 -cqstra
1672 2505 1747 2530 mo-

1005 2541 1057 2578 vi.
1087 2541 1132 2578 fic
1154 2542 1193 2578 in
1215 2551 1310 2584 orat.
1332 2551 1405 2594 pro
1433 2544 1585 2585 Plancio
1622 2560 1651 2586 c.
1677 2558 1745 2600 34.

1005 2594 1071 2635 Fit
1092 2596 1220 2653 vestra
1243 2600 1464 2655 diligentia,
1483 2604 1548 2658 qui
1569 2604 1612 2642 in
1639 2604 1746 2655 coust

999 2650 1051 2703 fis
1071 2652 1333 2704 ponderandis
1362 2671 1486 2698 omnes
1513 2658 1604 2711 fere
1636 2673 1745 2713 repu-

200 2702 300 2758 tres]
323 2700 483 2743 Falsum.
507 2702 594 2742 vide
606 2705 707 2756 epist.
725 2714 789 2756 34.
814 2715 852 2744 et
875 2704 942 2746 lib.
988 2696 1138 2759 uitatis,
1172 2722 1216 2750 vt
1243 2715 1297 2750 ad
1326 2725 1391 2752 nos
1419 2716 1624 2772 pleraeque
1658 2732 1744 2756 con-

206 2770 270 2802 11.
290 2760 473 2813 epist-10.
497 2759 572 2801 Sub
566 2760 699 2816 segnis
718 2769 857 2811 autem,
866 2775 941 2818 pro
985 2765 1135 2818 fluant,v
1153 2771 1219 2822 qui
1236 2769 1384 2820 miseris
1413 2782 1450 2811 et
1476 2771 1742 2815 laborantibus

1644 2830 1745 2873 nihil

1825 260 1840 312 l

1826 302 1838 326 1.
