1881 3173
250 156 321 196 ΙΝ
348 155 460 199 ele.
487 156 660 197 ms'r.
696 158 832 199 FAM.
870 158 979 200 LIB.
1008 157 1093 199 ΧΠ.
1138 157 1328 198 EPIST.
1357 159 1473 200 XXV.
1540 155 1627 211 777

84 266 200 313 inentss
227 281 272 308 cx
303 282 384 322 quo
406 284 592 324 quaenam
627 268 712 310 elici
741 281 828 325 apta

83 324 131 365 ad
150 326 250 365 hunc
271 324 397 366 locum
419 326 600 368 sententia
611 329 735 382 poffit,
748 344 828 368 non

83 382 264 435 equidem
291 382 477 435 intelligo.
533 387 579 424 In
606 384 704 434 aliis,
734 401 829 444 gra·

82 451 178 487 tum,
199 440 392 481 mendose.

149 510 319 551 Tuorum
365 511 610 565 cmfiliorum
659 513 829 571 anaor]

84 568 242 631 ᾼυᾶοτ,
253 578 295 608 vt
313 571 458 624 optime
475 568 522 609 de
544 572 737 625 republica
750 572 829 612 sen-

82 633 185 664 ntes.

137 678 358 738 Καρῶν]
398 684 480 722 Post
495 684 664 724 Caesaris
685 699 828 734 necem,

84 749 217 777 vexata
245 739 293 778 ab
328 742 499 780 Antonio
529 742 683 782 consule
718 757 828 798 repu-

83 794 193 835 blica.
216 793 282 835 lib.
299 807 361 838 10.
391 799 495 852 epist.
512 811 544 840 1.
573 799 707 841 Phila.
739 815 768 840 c.
790 813 830 843 2.

84 850 151 902 lib.
166 863 201 901 3.
228 852 274 892 de
297 853 405 895 Offic.
426 869 454 896 c.
470 868 535 909 33.
622 857 830 910 Rapiebar‚

85 908 268 949 summam
290 909 528 953 voluntatem
551 912 765 954 discedendi
784 928 830 954 ex

85 966 196 1007 ltalia
216 967 459 1009 demonstrat.
515 971 830 1012 Discessitautem
874 979 877 983 “

84 1038 129 1064 ea
156 1036 296 1073 mente,
315 1036 358 1066 vt
376 1025 514 1066 adesset
539 1025 619 1067 Kal.
639 1030 719 1068 Ian.
747 1043 828 1084 quo

85 1081 148 1121 die
167 1085 262 1122 noui
282 1081 467 1131 consules,
487 1085 636 1124 Hirtius
655 1097 693 1127 et
713 1086 829 1127 Pansa

86 1138 255 1180 senatum
281 1139 450 1182 habituri
479 1152 598 1182 erant.

142 1210 314 1268 Etesiae]
334 1212 451 1252 venti
465 1215 644 1253 euntibus
661 1216 703 1254 in
715 1217 830 1255 Grae-

85 1272 185 1317 ciam
210 1268 386 1317 secundi,
421 1270 464 1308 in
493 1271 642 1312 Italiam
672 1271 829 1313 aduerfi.

85 1328 177 1369 v'ide
203 1326 272 1372 lib.
285 1337 322 1367 2.
352 1327 457 1380 epist.
477 1340 534 1382 ¹5·

143 1385 328 1441 Prosequi
345 1384 571 1440 noluerunt]
598 1387 698 1426 Cum
716 1384 832 1440 spira-

84 1456 128 1485 re
149 1455 218 1498 per
238 1443 316 1492 XL.
338 1440 418 1481 dies
435 1455 636 1496 perpetuo,
659 1455 697 1484 et
726 1443 832 1486 adiu-

85 1513 179 1546 vare
201 1497 350 1539 cursum
370 1501 635 1549 nauigantium
654 1514 699 1541 ex
719 1500 832 1542 Italia

87 1561 129 1599 ivn
149 1559 346 1598 Graeciam
369 1554 526 1598 soleant.

108 1678 111 1681 ἢ
146 1628 353 1685 Aqflerque
371 1626 557 1681 aduersus
577 1624 832 1684 maximofld-

88 1687 153 1742 eu]
187 1687 273 1726 Lib.
287 1687 352 1728 16.
372 1684 420 1724 ad
436 1688 546 1726 Attic.
566 1687 668 1739 epist.
681 1698 720 1738 7.
760 1689 832 1728 Re-

87 1743 303 1794 i'eHussum
320 1741 450 1796 aqstro
460 1742 668 1784 vehementi
682 1742 739 1784 ad
747 1741 835 1791 ech·

90 1805 172 1845 dem
202 1801 486 1852 Leucopetram.

111 1857 113 1860 ⁴
153 1856 329 1911 Tribulei
347 1854 451 1910 tuos]
482 1855 720 1905 Rhegienses‚
740 1855 833 1912 legi-s

90 1915 211 1957 Iuliae
247 1914 434 1954 beneficio
474 1915 668 1953 ciuitatem
698 1917 835 1955 Roma·

92 1988 180 2014 nam
224 1970 372 2025 adepti,
401 1969 622 2022 suffragium
659 1973 698 2011 in
730 1971 834 2013 tribu

94 2032 210 2084 Attici
228 2028 413 2069 serebant.

152 2100 354 2158 Rhegium]
411 2102 505 2140 Non
534 2100 741 2152 Rhegium,
772 2101 836 2143 sed

93 2163 174 2212 agri
210 2158 372 2210 Rhegiui
399 2162 714 2212 promontorium
742 2163 846 2200 Leu·

93 2228 310 2273 copetram:
348 2224 390 2255 vt
422 2228 467 2255 ex
497 2213 641 2257 Phil.1.
663 2233 693 2258 c.
706 2232 746 2272 4.
777 2233 838 2259 co-

96 2274 305 2328 gnoscitur.

155 2332 288 2372 Ventis
303 2329 435 2383 remis]
465 2328 559 2370 Phil.
577 2341 610 2371 1.
626 2345 656 2370 c.
669 2344 706 2385 3.
743 2331 838 2372 Tan-

95 2388 239 2441 tasum
265 2387 474 2438 cupiditate
501 2388 673 2440 inc-ciffus
702 2388 758 2430 ad
781 2404 839 2430 re·

95 2447 237 2493 ditum,
263 2456 308 2486 vt
333 2444 428 2486 mihi
454 2445 556 2484 nulli
584 2459 700 2502 neque
730 2450 843 2495 remi,

99 2518 220 2560 neqtqe
242 2503 348 2543 venti
361 2501 648 2554 satisfacerent.

156 2558 429 2613 Postrideqne]
451 2561 514 2598 IV.
528 2573 619 2600 non.
641 2562 740 2612 Sept.
754 2574 841 2599 nam

97 2621 139 2659 i'n
158 2617 319 2671 patriam
340 2614 417 2656 Kal.
439 2616 535 2668 Sept.
556 2618 744 2668 peruenit.
763 2631 842 2671 quo

104 2676 166 2716 die
190 2683 346 2712 vocatus
375 2675 416 2711 in
447 2671 616 2712 senatum
645 2675 693 2712 ab
727 2677 844 2713 Anto-

102 2731 170 2773 nio
195 2729 359 2776 consule,
388 2743 467 2767 non
488 2731 572 2768 iuit.
591 2731 770 2783 postridie
781 2746 843 2770 au·

101 2801 191 2833 tem,
214 2786 365 2826 absente
388 2789 568 2833 Antonio,
597 2789 703 2826 venit
723 2790 764 2827 in
795 2788 847 2827 se·

104 2858 249 2893 natum,
264 2853 303 2885 et
322 2841 570 2897 philippicam
589 2844 754 2898 primam
781 2845 844 2885 ha·

885 273 993 312 buit:
1019 271 1067 312 de
1083 284 1158 325 qua
1168 269 1356 324 loquitur,
1376 273 1461 312 cum
1474 273 1533 313 hic
1545 272 1627 314 sub-

885 332 1027 380 iungit:
1057 330 1119 370 Su·
1134 330 1227 380 siem
1253 331 1295 368 in
1326 333 1541 370 Antonium
1573 329 1637 372 in:

886 389 1027 435 vea‘tus,
1046 397 1090 428 vt
1109 388 1177 426 ille
1197 401 1270 425 non
1283 386 1426 438 ferret.
1461 390 1505 427 Et
1529 389 1627 432 Phil.

889 458 925 496 ς.
947 457 1028 497 c.7.
1076 443 1167 483 Veni
1192 441 1397 496 postridie:
1444 445 1520 497 ipse
1554 460 1628 487 non

886 512 1006 542 vemt.
1050 501 1194 541 locutus
1211 500 1306 550 fiam
1341 499 1387 540 de
1418 501 1630 554 republica,

887 573 1013 598 mmm
1032 556 1204 612 equidem
1236 556 1374 604 libere,
1405 572 1517 614 quam
1547 575 1629 601 mea

885 613 1131 666 confioetudm
1168 613 1327 654 liberius
1347 626 1489 663 tamen,
1514 631 1629 672 quam

880 672 1057 726 pericula
1074 674 1269 725 minaeque
1289 672 1550 725 postulabant.

942 745 990 783 ln
1019 741 1250 795 Antonium]
1285 743 1501 785 Absentem.

946 801 998 840 Vt
1020 800 1088 839 ille
1109 814 1182 838 non
1206 799 1347 852 ferret]
1406 802 1630 842 Inimicitias

884 858 987 896 enim
1021 857 1203 896 Ciceroni
1231 856 1487 898 denuntiauit.
1534 859 1628 900 Phil.

888 926 924 967 ς.
946 924 1028 967 c.7.
1385 942 1387 945 -

947 970 1211 1021 Vinolentum]
1258 970 1351 1009 Ideo
1375 969 1631 1023 subiungitur,

885 1029 1104 1068 ruft‘antem
1125 1039 1161 1067 et
1179 1028 1440 1081 nauseantem.

943 1097 1190 1154 Effimderet]
1233 1101 1340 1152 Apte,
1369 1114 1455 1138 cum
1479 1098 1631 1148 dixerit,

885 1154 1120 1210 qffiztzderet,
1151 1158 1367 1196 orationem
1400 1159 1560 1196 Antonii
1591 1159 1633 1196 fi·

886 1214 1056 1264 gnificat:
1103 1213 1149 1252 de
1177 1228 1252 1268 qua
1285 1215 1324 1252 in
1359 1212 1487 1266 Phil.5
1545 1228 1574 1253 c.
1593 1225 1631 1265 7.

887 1274 930 1311 In
954 1287 1009 1311 me
1029 1270 1230 1324 absbntem‘
1245 1273 1452 1310 orationem
1479 1286 1544 1311 ore
1563 1273 1632 1310 im-

883 1327 1079 1384 purzffimo
1100 1329 1279 1368 euomuit.

944 1387 1090 1426 Elicere
1111 1387 1227 1425 vellet
1240 1382 1295 1423 ad
1303 1382 1428 1424 caedis
1447 1381 1632 1439 catffzmj

888 1446 1001 1490 Nam,
1023 1442 1076 1488 ad,
1094 1440 1303 1494 X111.V1<al.
1325 1443 1410 1481 061.
1447 1442 1537 1480 idco
1572 1444 1636 1481 Ci-

891 1515 1072 1540 ceronem
1092 1501 1284 1540 Antonius
1306 1496 1429 1538 adesse
1458 1498 1557 1538 iuffit
1593 1501 1636 1539 in

889 1557 1034 1606 senatu,
1053 1558 1160 1600 vtfab
1187 1571 1235 1596 eo
1261 1555 1386 1595 caedis
1406 1558 1563 1596 initium
1581 1555 1636 1596 fa·

893 1626 1006 1656 ceret.
1029 1612 1142 1668 'quod
1167 1611 1308 1654 Cicero
1339 1611 1541 1666 suspicatus
1556 1643 1566 1661 ,
1594 1615 1638 1654 in

891 1673 1061 1712 senatum
1081 1685 1160 1710 non
1180 1671 1348 1710 iuit.hoc
1366 1668 1532 1709 dilucide
1550 1684 1640 1709 nar-

891 1726 1161 1780 rattir‘Phil.5.
1193 1742 1221 1766 c.
1231 1739 1272 1781 7.
1292 1735 1330 1766 et
1343 1728 1448 1781 epist.
1458 1740 1497 1769 2.
1521 1728 1636 1767 huius

891 1783 998 1826 libri.

954 1856 1125 1910 Insidiis]
1155 1860 1192 1897 Si
1213 1872 1274 1897 me
1296 1856 1433 1896 elicere
1453 1869 1532 1895 non
1552 1854 1640 1909 pos-

892 1913 947 1962 set
964 1915 1011 1955 ad
1035 1915 1157 1955 caedis
1177 1913 1360 1954 caussam:
1387 1912 1427 1952 id
1447 1914 1508 1962 est,
1527 1914 1551 1952 fi
1564 1925 1638 1963 ego

891 1975 933 2013 in
947 1970 1116 2012 senatum
1137 1986 1218 2012 non
1236 1973 1347 2012 irem.
1370 1970 1523 2012 caedem
1535 1975 1641 2010 enim

893 2044 1017 2070 meam
1052 2028 1200 2069 senatus
1240 2031 1409 2083 primum
1445 2028 1640 2068 occasione

894 2088 1102 2141 quaefiuit5
1132 2087 1285 2133 deinde,
1314 2087 1339 2126 fi
1370 2099 1442 2136 ego
1471 2088 1513 2125 in
1539 2083 1642 2126 sena·

892 2155 976 2186 tum
999 2158 1079 2184 non
1097 2146 1210 2193 irem,
1235 2143 1392 2183 insidiis.

952 2217 1097 2257 Conieci
1120 2225 1230 2256 ERN.
1273 2213 1424 2266 Confeei
1444 2213 1486 2252 1⁰11
1509 2211 1643 2261 Caelit-

893 2275 947 2314 ris
971 2272 1180 2316 OHauiani
1207 2272 1365 2329 plagas]
1423 2270 1535 2309 suam
1562 2267 1643 2308 lau-

895 2331 981 2371 dem
1001 2345 1086 2370 cum
1116 2330 1336 2371 oexauiano
1373 2327 1640 2367 communicat.

896 2387 1062 2442 Confeci,
1091 2388 1242 2440 inquit,
1268 2400 1311 2425 ac
1345 2383 1496 2438 perdidi
1526 2386 1644 2423 Anto·

897 2447 1019 2494 nium,
1041 2447 1080 2483 in
1104 2444 1310 2485 Ofiauiani
1341 2441 1483 2496 plagas,
1510 2439 1550 2479 id
1578 2441 1645 2488 est,

898 2513 940 2542 vt
961 2503 1196 2543 Octauianus
1217 2514 1306 2540 eum
1330 2511 1368 2539 et
1384 2497 1471 2552 ipse'*
1485 2499 1646 2537 confice-

898 2569 968 2599 ret.
1024 2557 1191 2599 Placet-et
1212 2568 1354 2603 tamen,
1374 2565 1416 2596 vt
1435 2553 1543 2601 olim,
1563 2568 1649 2595 con·

899 2619 979 2664 ieci,
999 2630 1071 2669 pro
1090 2615 1245 2671 coqfeci,
1265 2615 1377 2653 vnius
1400 2610 1551 2653 litterae
1562 2625 1644 2650 mu-

900 2675 1067 2713 tatione:
1096 2687 1184 2711 nam
1217 2672 1253 2711 F
1275 2671 1324 2709 ab
1346 2671 1378 2717 I,
1406 2670 1431 2709 fi
1463 2667 1646 2724 maiuscu-

902 2729 960 2770 lae
976 2729 1202 2776 scribantur,
1223 2738 1266 2768 vt
1284 2726 1393 2775 olim,
1417 2740 1497 2766 non
1515 2724 1649 2766 admo-

903 2787 994 2827 dum
1027 2784 1169 2826 differt.

962 2845 1064 2884 Puer
1081 2840 1271 2901 egregius]
1301 2841 1387 2885 Lib.
1406 2850 1460 2881 11.
1490 2840 1593 2894 epist.
1604 2849 1647 2893 7.

904 2902 936 2941 C
948 2915 994 2940 cc
1025 2912 1048 2954 ς
1488 2897 1649 2938 Antonii
