1881 3173
420 114 489 152 IN
526 113 567 154 Ρ.
589 67 894 155 ςΜΑΝᾙΤΙΙ
931 109 1270 152 COMMENT.

54 225 58 230 ’
77 230 146 270 Sus
164 230 382 269 Mineruam
674 229 769 280 648.
791 224 818 265 b

78 287 292 327 Sustentare
303 284 419 332 casus,
431 293 467 324 et
478 282 670 323 cadentem
685 295 781 336 297.
795 282 818 320 b

79 345 236 383 Sutorio
255 351 467 382 atramento
481 338 673 380 absolutus
686 344 782 392 659.
797 350 821 377 a

80 400 296 452 syngrapha
330 397 423 452 quid
682 408 779 449 472.
799 407 820 433 a

81 455 281 503 Σύπαγμκ
303 453 399 509 quid
683 464 774 506 530.
794 465 815 491 a

79 566 340 656 Tabellarii
363 568 464 608 vnde
481 566 572 607 dieti
681 575 776 616 214.
795 574 817 601 a

191 623 368 665 Taberna
390 624 516 665 differt
538 624 586 663 ab
604 621 768 667 officina,
782 628 819 658 et

135 684 318 736 apotheca
330 683 423 736 546.
435 696 469 722 a.
489 679 666 727 taberna,
685 687 819 716 etmu-

135 752 233 792 ponu
253 739 353 779 idem
680 744 776 786 417.
797 746 818 770 a

82 794 238 835 Tabula
268 794 417 836 Valeria
677 797 770 844 842.
792 790 818 828 b

85 849 380 904 Tamen‚quater
389 855 429 891 in
440 851 573 906 primis
585 849 762 902 epistolae
771 845 818 885 ad

135 911 386 961 Torquatum
422 903 818 961 comprehenlionibus

140 971 343 1018 repetitum
375 979 468 1019 372.
489 968 526 1004 b.
556 964 647 1016 quid
681 961 821 1002 refert?

140 1033 276 1070 tamen,
295 1033 363 1062 etc.
410 1026 459 1065 61
471 1034 506 1074 ς.
536 1022 573 1060 b.
611 1017 821 1069 tamem-(fi,

140 1092 213 1133 pro
232 1079 372 1118 tametfi
688 1087 779 1126 302.
800 1087 822 1113 a

83 1138 262 1176 Tantum
282 1134 386 1188 quod
408 1141 489 1187 483
518 1148 550 1173 a.
580 1132 824 1177 tantundem,

141 1206 220 1232 non
268 1193 524 1240 tantumdem,
570 1191 644 1230 dici
684 1189 824 1228 debere

685 1256 781 1295 415.
802 1243 826 1281 b

88 1306 252 1352 Tri-ntus,
281 1320 319 1353 a,
334 1318 423 1344 um.-
453 1300 669 1354 Aliquando
685 1299 825 1351 minuit

94 1386 96 1389 -
141 1364 280 1415 potius,
293 1374 404 1413 quam
414 1370 525 1407 auget
535 1361 602 1399 60.
617 1358 653 1397 b.
674 1366 822 1401 tantus,

137 1426 177 1456 et
208 1427 290 1454 tam
314 1419 550 1467 praeclarus,
586 1416 688 1454 reete
735 1412 825 1458 diei‚'

144 1485 276 1511 eontra
300 1475 574 1512 Grammaticos
687 1481 778 1522 305.
801 1480 824 1505 a

85 1530 295 1569 Tarentini
317 1526 449 1566 molles
697 1529 823 1577 46x.a

85 1585 390 1625 Tarracinarum
405 1592 514 1622 vetus
526 1595 669 1621 nomen
691 1587 825 1620 Anxur

142 1640 216 1681 fuit
681 1644 776 1692 435.
799 1636 824 1676 b

88 1697 314 1743 Taurellus,
334 1696 495 1735 Iacobus
687 1706 776 1747 177.
801 1693 823 1732 b

90 1755 250 1795 Telamo
263 1755 375 1791 Ennii
391 1750 583 1802 tragoedia
678 1751 775 1804 672.
798 1750 823 1789 b

89 1811 382 1864 Temperantia,
408 1820 446 1848 et
473 1809 702 1854 moderatio,
723 1808 826 1846 idem

689 1866 784 1906 126.
805 1878 827 1902 a

90 1924 337 1977 Temperius,
358 1931 396 1962 et
409 1922 618 1975 temporius
691 1920 785 1974 644.
801 1920 825 1959 b

97 1979 305 2033 Tempestas
327 1979 583 2033 metaphorice
697 1990 785 2031 334.
800 1977 825 2016 b

90 2036 314 2090 Templum,
343 2038 452 2074 aedes
482 2035 595 2083 saera,
625 2038 741 2081 curia,
772 2034 827 2073 di-

147 2093 252 2134 versa
271 2094 343 2133 eli'e
369 2091 522 2147 poffunt
687 2097 782 2144 278.
800 2091 826 2132 b

93 2150 271 2203 Tempus,
314 2163 386 2204 pro
426 2147 635 2188 calamitate
673 2152 769 2200 276.
790 2149 825 2188 b.

146 2208 326 2260 temporis
365 2205 621 2259 longinquitas
652 2203 827 2244 dolorem

145 2265 285 2303 minuit
325 2270 421 2315 384.
457 2263 493 2302 b.
553 2273 738 2316 tempore,
787 2272 825 2301 et

145 2321 312 2373 tempori
388 2331 485 2373 474.
538 2333 572 2358 a.
643 2330 818 2377 tempora

145 2386 187 2416 et
231 2390 355 2415 mores
412 2389 502 2428 154.
524 2391 553 2417 a.
603 2386 818 2429 temporum

145 2435 206 2473 vis
224 2444 405 2485 quantum
425 2432 549 2473 valeat
571 2436 662 2475 161.
677 2447 709 2472 a.
729 2443 822 2472 tem·

144 2501 284 2542 porum
303 2492 464 2528 varietas
495 2502 585 2542 390.
608 2489 645 2528 b.
685 2501 820 2543 tempo-

101 2569 104 2571 -
142 2559 231 2584 rum
251 2548 404 2584 nomine
425 2545 601 2585 aduersos
632 2546 733 2584 casus
756 2546 822 2586 ali-

147 2601 300 2654 quando
335 2602 498 2655 appellat
518 2605 653 2644 Cicero
687 2611 778 2644 122.
796 2601 825 2640 Β

95 2657 248 2706 Tenere,
268 2672 351 2712 pro,
376 2662 551 2700 obtinere
714 2672 782 2713 27.
801 2658 826 2697 b

91 2714 251 2753 Tenues
272 2718 338 2768 qui
367 2716 539 2756 dicantur
690 2728 786 2768 453.
804 2729 827 2754 a

91 2770 308 2812 Terentina
327 2774 449 2813 tribus
685 2775 780 2825 562.
799 2771 825 2811 b

879 222 1022 262 Terrae
1027 220 1111 273 filii
1138 222 1206 274 qui
1235 219 1454 260 dicerentur
1470 228 1563 273 453.
1580 231 1614 258 a.

930 289 1028 317 terra
1055 288 1141 318 nata
1299 289 1394 330 494.
1414 292 1449 317 a.
1476 278 1613 328 496-81

876 337 1121 382 Teruncius,
1170 345 1369 384 argenteus
1435 344 1613 374 nummus

873 447 1113 491 Testamenti
1138 445 1255 485 saeuo
1473 398 1567 497 ,13ζὲ
1585 388 1612 484 i:

874 505 1159 542 Testimonium
1179 505 1269 542 dare
1474 514 1568 554 349.
1585 500 1612 540 b

874 560 1223 599 'l'etradrachmum
1471 562 1569 611 765·
1590 572 1612 596 8

876 615 1088 656 Theatrum
1101 617 1282 655 curionis
1300 616 1340 652 iu
1351 612 1484 653 funere
1493 617 1612 668 patri·

934 674 1027 724 526.
1040 686 1061 711 a
1092 674 1342 722 ingredientes
1356 673 1394 710 iu
1409 674 1614 719 theatrum,

888 763 889 768 ,
932 731 1041 768 ubilo
1074 733 1359 782 excipiebantur
1386 731 1429 778 ii,
1461 729 1507 768 de
1532 731 1615 781 qui-

931 787 1001 825 bus
1024 788 1121 825 bene
1141 787 1304 840 populus
1335 799 1413 824 non
1436 787 1616 826 existima-

933 853 991 881 ret
1292 846 1386 895 526.
1401 843 1438 882 b.
1471 849 1563 895 585.
1586 841 1612 881 b

877 901 1068 939 Tiberius
1098 899 1199 939 vnde
1217 901 1339 940 dieius
1481 906 1530 952 3ss
1591 912 1614 938 a

882 956 982 1004 Tibi,
1002 970 1157 995 ornatus
1171 958 1289 996 caussa
1310 957 1468 1008 positum
1491 960 1534 998 61
1548 969 1578 1008 3.
1592 969 1615 996 a

878 1014 1073 1064 Tigellius
1130 1016 1390 1064 Hermogenes
1445 1019 1540 1067 487.
1579 1027 1614 1054 a.

1472 1079 1555 1122 439
1589 1071 1615 1109 b

881 1130 1036 1168 Timaei
1060 1128 1137 1167 duo
1475 1138 1566 1178 327.
1592 1140 1616 1166 a

880 1188 986 1227 Tiro
1023 1186 1217 1224 Ciceronis
1238 1182 1430 1237 'epistolas
1464 1183 1618 1232 colcgit

936 1253 1029 1293 904.
1048 1255 1081 1281 a.
1105 1244 1209 1281 Tiro
1237 1238 1347 1278 facile
1365 1239 1536 1293 epistolas
1555 1242 1616 1279 Ci-

937 1301 1085 1336 ceronis
1116 1299 1266 1352 patroni
1297 1296 1353 1335 sui
1383 1295 1472 1344 alio,
1499 1309 1615 1350 quam

932 1367 1012 1407 quo
1033 1354 1158 1408 paffim
1177 1353 1352 1404 leguntur
1373 1354 1520 1401 ordine,
1541 1352 1617 1391 col-

937 1410 1079 1450 loeauit
1530 1417 1610 1461 838

878 1469 988 1517 Toga
1005 1470 1102 1521 pieta
1115 1468 1208 1518 653.
1221 1464 1246 1503 b
1286 1463 1430 1518 sumpta
1442 1467 1546 1505 virili
1559 1478 1616 1505 to·

934 1538 979 1575 ga
997 1527 1106 1577 pueri
1124 1537 1144 1560 a
1168 1523 1349 1570 magistris
1371 1522 1613 1570 discedentes,

934 1585 975 1621 in
994 1581 1122 1621 forum
1143 1593 1226 1617 cum
1246 1580 1464 1631 parentibus
1486 1578 1617 1631 prodi-

933 1639 1045 1678 bant:
1072 1651 1093 1676 a
1109 1637 1327 1692 parentibus
1338 1649 1461 1675 autem
1483 1637 1532 1675 ati
1546 1635 1616 1675 cla-

935 1708 1000 1734 ros
1021 1697 1125 1734 viros
1152 1692 1434 1732 deducebantur
1482 1704 1571 1746 145.
1593 1707 1615 1732 a

884 1752 1042 1798 Tollere,
1063 1751 1280 1799 ambiguum
1301 1750 1459 1790 verbum
1480 1761 1576 1802 741.
1591 1750 1616 1789 b

881 1810 1080 1861 Torquati
1111 1806 1210 1846 vnde
1239 1806 1330 1845 dieii
1476 1818 1570 1859 372.
1593 1820 1617 1846 a

884 1866 1035 1913 Totum,
1053 1878 1125 1919 pro
1146 1877 1188 1903 ea
1208 1876 1262 1910 re,
1285 1875 1382 1916 quae
1401 1862 1542 1903 summa
1564 1864 1617 1916 est

1467 1920 1618 1973 2863.a

880 1980 1039 2020 Trabea
1058 1987 1171 2032 poeta
1482 1979 1579 2029 653.
1594 1991 1618 2016 a

881 2039 1064 2076 Trabeae
1086 2037 1194 2076 vestis
1214 2033 1288 2073 tria
1307 2046 1445 2083 genera
1486 2065 1490 2073 ,
1525 2034 1618 2074 ibid.

881 2093 1061 2134 Tradere
1477 2099 1569 2142 159.
1592 2089 1617 2129 b

882 2149 1119 2201 Tragoedia,
1129 2146 1411 2193 Clytemnestra,
1428 2148 1519 2186 Anii
1530 2160 1620 2198 poe-

935 2219 996 2247 tae
1015 2209 1100 2260 426
1125 2220 1158 2247 a.
1192 2204 1385 2252 tragoedia
1407 2204 1517 2241 linnii
1539 2205 1580 2242 T
1582 2217 1619 2242 e.

937 2262 1038 2303 lamo
1064 2265 1163 2316 672.
1181 2260 1217 2299 b.
1256 2259 1472 2309 tragoedia,
1498 2273 1621 2312 equus

900 2362 902 2364 ,
938 2322 1153 2366 Troianus,
1173 2318 1278 2356 Liuii
1297 2317 1508 2356 Andronici
1522 2320 1622 2368 426.

934 2391 968 2419 a.
995 2376 1191 2426 tragoedia
1201 2372 1378 2427 Turleii
1390 2373 1621 2422 Demiurgus

1469 2431 1564 2472 661.
1592 2429 1620 2469 b

877 2491 1136 2531 Trans-«icium
1157 2486 1209 2526 est
1485 2491 1579 2540 844.
1592 2486 1619 2525 b

881 2547 1059 2598 Transeo.
1087 2540 1271 2584 Tranfire
1290 2537 1435 2595 aliquid
1463 2545 1560 2584 612.
1581 2543 1620 2582 b³

940 2604 1093 2643 transire
1114 2604 1154 2640 in
1178 2598 1252 2639 alia
1279 2601 1408 2640 omnia
1511 2607 1577 2649 33.
1597 2614 1622 2640 a

885 2660 1111 2710 Transfero.
1148 2654 1356 2695 Translata
1389 2655 1506 2694 verba
1531 2656 1585 2709 pli
1601 2669 1618 2695 ι

935 2716 1078 2756 habent
1095 2711 1356 2758 iucunditatis,
1383 2725 1499 2764 quam
1530 2726 1620 2765 prc-

937 2774 1020 2825 pria
1044 2783 1106 2825 34.
1120 2785 1153 2810 a.
1182 2768 1365 2822 quiddam
1385 2768 1527 2808 habent
1546 2783 1623 2807 ma·

1441 2826 1621 2874 guilicest-
