1881 3173
209 88 295 137 708

213 204 296 233 tum
329 190 511 244 facerent,
543 195 822 246 iaculabantur.
849 198 956 252 quod

210 263 332 300 genus
362 264 511 305 pugnae
538 253 761 303 fignifioeuit
795 257 955 304 Cicero,

213 320 301 346 cum
333 307 430 349 dixit
463 307 527 350 lib.
541 320 581 353 2.
611 311 659 351 de
680 314 811 351 Diuin.
843 327 873 351 e.
896 325 954 353 10.

212 363 319 405 Haec
343 364 474 418 fuerit
505 366 614 408 nobis
643 378 841 423 tamquam
859 369 957 409 leuis

212 432 443 463 armaturae
457 424 588 475 prima
608 427 794 464 orationis
820 438 957 464 excur-

204 476 278 530 fio.
362 480 408 517 In
437 477 647 532 Philippica
680 494 777 520 vero
812 480 959 521 decima

213 548 244 574 e.
265 537 306 578 6.
337 535 430 575 haec
459 537 531 575 tria
557 537 711 576 diuersis
733 538 958 578 nominibus

210 590 378 632 militum
395 605 535 641 genera
553 592 735 634 distinxit.
791 594 959 649 Nostrae

200 648 301 701 sunt
320 650 496 701 legiones,
519 650 586 697 ait,
611 650 743 705 nostra
771 651 870 692 leuis
891 666 959 692 ar-

210 714 383 752 matura,
402 705 527 759 noster
545 708 749 762 equitatus.
839 711 884 748 Et
914 711 956 747 in

211 764 332 802 Bruto
352 776 381 801 c.
395 772 459 815 37.
491 763 634 804 Omnia
652 764 865 806 veniebant
878 769 958 805 An·

209 822 314 860 eonio
334 820 376 858 in
399 832 585 870 mentem‚·
612 835 731 877 eaque
737 823 815 873 suo
844 837 956 878 quae-

209 889 282 930 que
314 875 407 923 loco,
437 875 505 916 vbi
529 877 745 928 plurimum
773 880 957 932 proficere

209 942 249 972 et
273 931 404 972 valere
419 930 569 986 possent.
597 943 640 974 vt
659 933 710 974 ab
726 936 958 987 imperatore

210 991 365 1045 equites,
393 988 556 1041 pedites,
587 990 686 1031 leuis
716 1001 951 1032 armatura.-

195 1047 265 1100 Jtc
282 1044 330 1085 ah
360 1045 428 1085 illo
458 1047 499 1086 in
531 1049 701 1088 maxime
733 1051 955 1101 opportunis·

211 1103 402 1144 orationis
436 1103 621 1155 partibus
652 1104 953 1146 collocabantur.

210 1158 402 1201 Videntur
422 1169 549 1199 autem
580 1162 622 1199 in
654 1159 733 1200 leui
762 1175 956 1203 armatura

209 1231 292 1257 non
312 1215 431 1256 modo
463 1215 597 1256 velites
623 1215 754 1267 fuisse,
784 1221 849 1273 qui
879 1222 956 1274 pri·

211 1287 332 1321 mum,
353 1284 394 1312 vt
412 1274 572 1321 ostendi,
603 1274 704 1328 pilis,
736 1276 874 1317 deinde
891 1279 955 1317 ha·

211 1333 274 1372 stis
294 1332 493 1370 amentatis
515 1344 745 1384 pugnarunt,
765 1332 826 1373 sed
839 1336 955 1376 etiam

210 1387 409 1438 sagittarii,
435 1399 470 1426 et
486 1387 723 1429 funditores:
744 1406 879 1431 verum
890 1407 954 1431 ve-

210 1443 296 1485 lites
324 1446 513 1493 Romani,
551 1444 734 1495 sagittarii
763 1450 958 1489 Numidae

211 1502 292 1543 fere
316 1513 383 1540 aut
401 1501 597 1542 Cretenses
630 1503 751 1554 fuere,
790 1505 955 1559 praeser-

211 1561 283 1600 tim
301 1559 383 1613 post
404 1559 629 1599 Numidiam
661 1573 698 1600 et
719 1566 872 1602 Cretam
895 1563 958 1603 de·

211 1617 355 1660 vietam
380 1613 597 1656 funditores
615 1616 804 1666 Baleares,
824 1620 957 1674 Hispa·

210 1675 276 1713 nia
299 1667 463 1714 suba'e’ta.
500 1687 580 1712 non
601 1676 704 1714 enim
725 1674 907 1725 sagittarii
920 1690 957 1717 et

211 1729 442 1777 funditores,
461 1728 565 1769 idem
586 1731 692 1784 quod
715 1732 851 1773 velites
868 1733 955 1787 fue·

210 1801 267 1835 re,
295 1785 357 1825 sed
381 1785 532 1835 diuerfi,
562 1801 795 1842 quamquam
821 1805 955 1831 omnes

211 1844 409 1884 communi
427 1842 522 1882 leuis
552 1855 768 1886 armaturae
796 1851 955 1889 nomine

212 1899 640 1954 comprehenderentur.
672 1914 876 1957 propterea
895 1907 957 1945 Li·

211 1959 299 1998 vius
311 1956 378 1997 lib.
391 1968 459 2010 24.
485 1971 513 1996 c.
528 1967 593 2009 34.
614 1958 813 2012 separatim
833 1964 955 2001 nomi-

211 2016 322 2055 nauit
354 2012 580 2063 sagittarios,
602 2015 833 2066 funditores,
861 2018 955 2075 veli·

211 2082 281 2113 tes.
338 2070 579 2111 Differebant
608 2075 722 2114 etiam
748 2088 953 2117 armatura.

212 2142 302 2168 nam
320 2126 471 2175 velites,
483 2140 524 2168 vt
543 2128 723 2175 Polybius
742 2135 877 2172 aufior
888 2135 952 2183 est,

211 2199 361 2240 parmas
382 2185 549 2224 habuere
563 2202 570 2224 :
584 2189 688 2240 quod
704 2189 844 2229 Cicero
857 2204 952 2250 quo·
990 2234 992 2236 ,

213 2257 289 2296 que
314 2245 354 2282 in
382 2241 603 2291 fragmentis
634 2245 681 2284 de
705 2247 796 2300 Rep.
817 2249 953 2287 confir·

210 2310 303 2347 mat,
319 2298 419 2343 scuta
439 2297 539 2338 leuia
560 2298 718 2341 velitum
739 2304 953 2357 appellans:

211 2356 422 2406 sagittarios
442 2368 569 2395 autem
593 2369 630 2397 et
648 2358 863 2400 funditores
877 2361 953 2401 scu-

211 2425 249 2454 ta
271 2427 350 2451 non
370 2412 552 2461 habuiffe,
565 2416 768 2456 verisimile
788 2418 954 2459 videtur.

212 2471 347 2511 Liuius
373 2469 625 2515 autemlib.8.
645 2487 674 2511 c.
689 2480 725 2521 8.
746 2473 833 2514 satis
845 2489 954 2530 aper-

211 2538 250 2571 te
269 2526 511 2575 demonstrat,
537 2527 742 2569 militarem
762 2535 951 2572 rationem

211 2599 289 2626 non
311 2583 467 2623 eandem
502 2584 610 2624 fuisse
641 2600 832 2639 pugnante
864 2605 950 2629 cum

209 2643 354 2683 Latini·
377 2638 523 2695 populo
535 2643 721 2688 Romano,
744 2659 842 2698 quae
852 2649 950 2700 post-

209 2712 254 2738 ea
287 2697 362 2737 fuit
395 2695 580 2738 scribente
609 2699 790 2750 Polybio,
822 2703 863 2742 id
899 2706 950 2745 est

207 2753 312 2797 bello
334 2755 477 2794 Punico
496 2758 624 2796 tertio.
654 2771 755 2808 nam,
779 2772 819 2800 vt
840 2763 952 2801 omit-

422 80 656 125 nvn]
682 84 980 129 MA‘NVTII
1005 89 1524 136 COMMENTARIVS

1010 206 1089 238 tam
1109 198 1196 249 alia,
1206 201 1293 242 etid
1307 207 1491 256 attingam
1508 222 1640 259 vnum,
1650 213 1757 267 quod

1011 259 1281 308 nuneagitur,
1309 261 1390 302 leui
1416 276 1632 307 armaturae
1649 270 1759 317 Poly·

1011 312 1099 352 bius
1121 328 1248 367 neque
1281 317 1452 369 signum,
1481 335 1607 376 neque
1638 327 1756 368 vexil-

1011 367 1106 417 lum,
1124 372 1260 411 Liuius
1279 387 1407 416 autem
1429 379 1568 418 vexilla
1592 381 1666 422 dat.
1703 387 1758 424 Ae

1011 426 1108 465 mihi
1125 426 1263 468 videor
1275 432 1465 474 affirmare
1486 436 1614 490 poss‘e,
1643 438 1755 493 plura

1010 481 1124 522 fuiss'e
1141 485 1336 528 Romanae
1354 491 1515 532 militiae
1542 507 1681 544 genera
1702 498 1757 538 di-

1012 540 1127 579 verfis
1164 547 1425 598 temporibusi,
1462 564 1582 590 vnum
1615 555 1758 596 Latino

1013 594 1132 645 bello,
1155 611 1176 636 a
1198 600 1314 641 Liuio
1332 602 1640 658 demonstratum,
1665 610 1759 653 alte·>

1013 667 1101 693 rum
1120 657 1278 704 Punico,
1302 661 1408 711 quod
1437 662 1615 709 Polybius
1642 682 1760 723 expo·

1013 712 1091 749 nit:
1134 711 1290 754 tertiuni
1311 718 1360 755 C.
1377 719 1537 765 Caesare
1556 725 1665 773 vino,
1691 740 1757 767 au·

1013 769 1071 807 &a
1096 766 1263 819 legione,
1286 782 1328 812 vt
1345 788 1391 813 ex
1413 777 1493 815 eius
1513 775 1757 834 Commenta-

1011 826 1092 872 riis,
1113 827 1314 876 Cicerone,
1335 829 1524 881 Sallustio,
1546 847 1584 875 et
1595 836 1679 877 aliis
1699 842 1756 879 in·

1011 880 1218 931 telligitur3
1266 899 1446 939 quartum
1488 891 1758 937 valentiniane

1011 939 1240 991 imperante,
1261 944 1306 982 ad
1329 958 1442 997 quem
1468 946 1556 987 suos
1576 949 1697 992 libros
1709 953 1757 994 de

1011 1008 1054 1034 re
1075 995 1232 1036 militari
1247 1003 1426 1050 Vegetius
1457 1007 1564 1046 milit.
1761 1018 1765 1020 '

1067 1079 1283 1123 Duodecim
1316 1086 1543 1143 cohortium]
1615 1094 1759 1135 Decem

1011 1133 1175 1186 legionis
1206 1142 1382 1190 Martiae,
1412 1157 1448 1184 et
1469 1146 1631 1189 duarum
1650 1164 1758 1204 prae-

1012 1196 1221 1236 torIaruin:
1254 1211 1414 1251 quarum
1441 1217 1582 1244 nouem
1609 1208 1651 1245 in
1670 1207 1760 1248 dex-

1013 1260 1074 1289 tro
1095 1266 1230 1300 cornu,
1254 1266 1328 1295 tres
1357 1259 1398 1296 in
1419 1260 1565 1300 fiuistro
1595 1263 1751 1306 colloca-

1013 1319 1096 1356 tae3
1129 1311 1182 1348 ita
1205 1315 1360 1362 constat,
1380 1315 1455 1356 fine
1486 1319 1633 1359 duabus
1664 1325 1755 1364 tiro-

1013 1379 1105 1404 num
1125 1365 1354 1418 legionibus,
1376 1386 1469 1425 quas
1501 1376 1618 1417 Pansa
1646 1378 1758 1434 sequi

1014 1420 1050 1460 se
1071 1422 1238 1473 iufferat,
1258 1427 1476 1470 dimicatum
1497 1432 1582 1473 effe.
1620 1438 1757 1477 Exhoc

1013 1491 1141 1518 autem
1170 1480 1260 1521 loco
1285 1488 1552 1531 nonobscure
1577 1492 1758 1544 intelligi-

1013 1547 1091 1583 tur,
1113 1537 1228 1577 denas
1247 1542 1288 1579 in
1315 1541 1469 1591 legione
1497 1548 1675 1589 cohortes
1699 1554 1758 1592 in·

1012 1594 1103 1633 strui
1125 1594 1266 1644 solitas,
1293 1600 1453 1648 lingulas
1479 1617 1523 1642 ex
1545 1608 1662 1645 ternis
1681 1622 1758 1648 ma·

1012 1649 1169 1703 nipulis,
1217 1668 1296 1694 vno
1338 1657 1587 1708 hastatorum,
1633 1664 1759 1706 altero

1020 1708 1249 1762 principum,
1275 1716 1390 1753 tertio
1411 1718 1646 1761 triariorum.
1666 1736 1756 1764 nam
1784 1759 1786 1761 ,

1013 1763 1146 1804 velites
1173 1768 1214 1805 in
1243 1771 1460 1825 manipulos
1495 1788 1574 1814 non
1611 1778 1759 1820 diuide-

1011 1821 1174 1862 bantur:
1198 1823 1307 1878 'quod
1323 1828 1500 1874 Polybius
1522 1832 1645 1874 docet.
1669 1839 1757 1878 Hir·

1013 1880 1057 1916 tii
1086 1892 1244 1934 quoque
1273 1886 1412 1935 viginti
1448 1888 1624 1929 cohortes
1653 1893 1756 1934 infra

1012 1939 1282 1978 nominantur:
1312 1956 1410 1995 quae
1442 1943 1550 1984 fuere
1580 1946 1751 1998 legiones

1011 1991 1123 2039 duae,
1141 1996 1301 2043 Qarta,
1339 2010 1375 2038 et
1403 2001 1588 2054 Septima:
1634 2017 1675 2046 vt
1703 2021 1749 2048 ex

1010 2048 1103 2088 Phil.
1124 2061 1177 2102 14.
1204 2067 1235 2093 c.
1250 2065 1306 2094 10.
1347 2069 1428 2095 non
1466 2058 1583 2100 dubie
1611 2077 1751 2114 cogno-

1008 2104 1134 2146 scitur.

1063 2193 1238 2241 Amplius
1256 2194 1378 2251 ptffts
1396 2201 1643 2259 quingentos]
1669 2207 1748 2256 Qui

1009 2257 1128 2288 totam
1148 2252 1376 2293 emendandi
1399 2257 1500 2310 spem
1518 2261 1559 2298 in
1585 2275 1665 2301 vno
1685 2264 1749 2303 vel

1009 2304 1144 2351 altem,
1165 2321 1399 2363 quamquam
1417 2327 1620 2367 peruetere
1643 2318 1747 2360 libro

1009 2374 1171 2416 ponunt,
1190 2367 1218 2403 ii
1231 2382 1346 2418 quam
1367 2369 1556 2424 sapienter
1575 2376 1748 2427 statuant,

1008 2421 1075 2473 ipsi
1107 2421 1287 2463 viderint.
1326 2440 1395 2465 nos
1419 2430 1573 2481 quidem
1602 2433 1748 2474 co'nfilii

1007 2478 1124 2516 nostri
1146 2493 1224 2518 non
1238 2485 1419 2532 poenitet,
1432 2487 1535 2538 quod
1559 2486 1747 2540 plurimos

1006 2533 1203 2586 inspicere,
1234 2537 1321 2578 licet
1353 2540 1511 2581 diuerfi}
1538 2545 1745 2588 admodum

1006 2595 1244 2644 temporibus
1277 2595 1501 2650 descriptos,
1539 2616 1748 2657 numquam

1007 2650 1253 2696 negleximus.
1282 2666 1324 2691 ac
1352 2655 1447 2693 mihi
1469 2660 1622 2710 quidem
1659 2676 1746 2701 cum

1006 2716 1115 2744 antea
1149 2705 1258 2760 saepe
1287 2708 1453 2750 fruGtum
1484 2728 1563 2754 non
1599 2718 1745 2757 medio-

1007 2776 1109 2803 crem
1127 2764 1201 2804 hoc
1220 2767 1433 2807 institutum
1473 2771 1622 2812 attulit:
1660 2784 1743 2814 tum
1804 2783 1811 2800 ’·

1649 2846 1743 2872 vel'O
