<?xml version="1.0" encoding="UTF-8"?>
<!DOCTYPE html PUBLIC "-//W3C//DTD XHTML 1.0 Transitional//EN"
    "http://www.w3.org/TR/xhtml1/DTD/xhtml1-transitional.dtd">
<html xmlns="http://www.w3.org/1999/xhtml" xml:lang="en" lang="en">
 <head>
  <title>
</title>
<meta http-equiv="Content-Type" content="text/html;charset=utf-8" />
  <meta name='ocr-system' content='tesseract 3.04.00' />
  <meta name='ocr-capabilities' content='ocr_page ocr_carea ocr_par ocr_line ocrx_word'/>
</head>
<body>
  <div class='ocr_page' id='page_1' title='image "./commentariusinmt02manuuoft_0560.png"; bbox 0 0 1881 3173; ppageno 0'>
   <div class='ocr_carea' id='block_1_1' title="bbox 558 95 1334 141">
    <p class='ocr_par' dir='ltr' id='par_1_1' title="bbox 558 95 1334 141">
     <span class='ocr_line' id='line_1_1' title="bbox 558 95 1334 141; baseline -0.012 0"><span class='ocrx_word' id='word_1_1' title='bbox 558 100 783 141; x_wconf 82' lang='lat' dir='ltr'>PAVLLI</span> <span class='ocrx_word' id='word_1_2' title='bbox 819 95 1111 137; x_wconf 84' lang='lat' dir='ltr'>MANVTII</span> <span class='ocrx_word' id='word_1_3' title='bbox 1138 95 1334 136; x_wconf 82' lang='lat' dir='ltr'>INDEX</span> 
     </span>
    </p>
   </div>
   <div class='ocr_carea' id='block_1_2' title="bbox 287 210 978 605">
    <p class='ocr_par' dir='ltr' id='par_1_2' title="bbox 287 210 978 605">
     <span class='ocr_line' id='line_1_2' title="bbox 287 210 975 264; baseline -0.013 -8"><span class='ocrx_word' id='word_1_4' title='bbox 287 211 368 256; x_wconf 63' lang='lat' dir='ltr'>illo*</span> <span class='ocrx_word' id='word_1_5' title='bbox 388 227 468 255; x_wconf 88' lang='lat' dir='ltr'>non</span> <span class='ocrx_word' id='word_1_6' title='bbox 501 212 624 254; x_wconf 89' lang='lat' dir='ltr'>solum</span> <span class='ocrx_word' id='word_1_7' title='bbox 657 210 890 264; x_wconf 82' lang='lat' dir='ltr'>hospitium,</span> <span class='ocrx_word' id='word_1_8' title='bbox 912 223 975 249; x_wconf 88' lang='lat' dir='ltr'>ve-</span> 
     </span>
     <span class='ocr_line' id='line_1_3' title="bbox 290 266 975 313; baseline -0.012 -1"><span class='ocrx_word' id='word_1_9' title='bbox 290 288 376 313; x_wconf 89' lang='lat' dir='ltr'>rum</span> <span class='ocrx_word' id='word_1_10' title='bbox 411 274 524 311; x_wconf 88' lang='lat' dir='ltr'>etiam</span> <span class='ocrx_word' id='word_1_11' title='bbox 560 271 702 310; x_wconf 90' lang='lat' dir='ltr'>summa</span> <span class='ocrx_word' id='word_1_12' title='bbox 734 266 975 306; x_wconf 80' lang='lat' dir='ltr'>familiaritas</span> 
     </span>
     <span class='ocr_line' id='line_1_4' title="bbox 293 324 977 382; baseline -0.015 -11"><span class='ocrx_word' id='word_1_13' title='bbox 293 341 359 381; x_wconf 86' lang='lat'>13,</span> <span class='ocrx_word' id='word_1_14' title='bbox 389 341 460 382; x_wconf 88' lang='lat'>73,</span> <span class='ocrx_word' id='word_1_15' title='bbox 495 340 591 381; x_wconf 86' lang='lat'><em>433.</em></span> <span class='ocrx_word' id='word_1_16' title='bbox 649 324 852 365; x_wconf 83' lang='lat' dir='ltr'>intercedit</span> <span class='ocrx_word' id='word_1_17' title='bbox 879 324 977 362; x_wconf 87' lang='lat' dir='ltr'>mihi</span> 
     </span>
     <span class='ocr_line' id='line_1_5' title="bbox 293 380 978 426; baseline -0.012 0"><span class='ocrx_word' id='word_1_18' title='bbox 293 385 520 426; x_wconf 84' lang='lat' dir='ltr'>necessitudo</span> <span class='ocrx_word' id='word_1_19' title='bbox 568 394 676 424; x_wconf 86' lang='lat' dir='ltr'>vetus</span> <span class='ocrx_word' id='word_1_20' title='bbox 715 395 800 421; x_wconf 88' lang='lat' dir='ltr'>cum</span> <span class='ocrx_word' id='word_1_21' title='bbox 831 380 978 419; x_wconf 84' lang='lat' dir='ltr'>familia</span> 
     </span>
     <span class='ocr_line' id='line_1_6' title="bbox 293 440 978 494; baseline -0.013 -10"><span class='ocrx_word' id='word_1_22' title='bbox 293 445 480 484; x_wconf 85' lang='lat' dir='ltr'>Titurnia</span> <span class='ocrx_word' id='word_1_23' title='bbox 503 453 567 494; x_wconf 86' lang='lat'>13,</span> <span class='ocrx_word' id='word_1_24' title='bbox 590 453 656 494; x_wconf 86' lang='lat'>39,</span> <span class='ocrx_word' id='word_1_25' title='bbox 677 450 775 494; x_wconf 83' lang='lat'>411.</span> <span class='ocrx_word' id='word_1_26' title='bbox 818 440 978 477; x_wconf 87' lang='lat' dir='ltr'>interce-</span> 
     </span>
     <span class='ocr_line' id='line_1_7' title="bbox 294 497 978 539; baseline -0.009 -1"><span class='ocrx_word' id='word_1_27' title='bbox 294 500 391 539; x_wconf 87' lang='lat' dir='ltr'>dunt</span> <span class='ocrx_word' id='word_1_28' title='bbox 413 500 511 537; x_wconf 82' lang='lat' dir='ltr'>mihi</span> <span class='ocrx_word' id='word_1_29' title='bbox 538 501 671 537; x_wconf 86' lang='lat' dir='ltr'>omnia</span> <span class='ocrx_word' id='word_1_30' title='bbox 697 509 782 536; x_wconf 86' lang='lat' dir='ltr'>cum</span> <span class='ocrx_word' id='word_1_31' title='bbox 811 509 858 534; x_wconf 90' lang='lat' dir='ltr'>eo</span> <span class='ocrx_word' id='word_1_32' title='bbox 892 497 978 533; x_wconf 87' lang='lat' dir='ltr'>iura</span> 
     </span>
     <span class='ocr_line' id='line_1_8' title="bbox 295 556 978 605; baseline -0.006 -9"><span class='ocrx_word' id='word_1_33' title='bbox 295 556 574 596; x_wconf 80' lang='lat' dir='ltr'>neceffitudinis</span> <span class='ocrx_word' id='word_1_34' title='bbox 729 564 795 605; x_wconf 87' lang='lat'>13,</span> <span class='ocrx_word' id='word_1_35' title='bbox 819 563 881 604; x_wconf 89' lang='lat'>14,</span> <span class='ocrx_word' id='word_1_36' title='bbox 900 563 978 604; x_wconf 84' lang='lat'>392</span> 
     </span>
    </p>
   </div>
   <div class='ocr_carea' id='block_1_3' title="bbox 240 624 980 675">
    <p class='ocr_par' dir='ltr' id='par_1_3' title="bbox 240 624 980 675">
     <span class='ocr_line' id='line_1_9' title="bbox 240 624 980 675; baseline -0.012 -6"><span class='ocrx_word' id='word_1_37' title='bbox 240 624 466 674; x_wconf 79' lang='lat' dir='ltr'>Intercessor</span> <span class='ocrx_word' id='word_1_38' title='bbox 765 633 806 675; x_wconf 89' lang='lat'>7,</span> <span class='ocrx_word' id='word_1_39' title='bbox 820 634 886 674; x_wconf 85' lang='lat'>27,</span> <span class='ocrx_word' id='word_1_40' title='bbox 905 628 980 670; x_wconf 84' lang='lat'>189</span> 
     </span>
    </p>
   </div>
   <div class='ocr_carea' id='block_1_4' title="bbox 242 679 998 1658">
    <p class='ocr_par' dir='ltr' id='par_1_4' title="bbox 242 679 993 1256">
     <span class='ocr_line' id='line_1_10' title="bbox 242 679 982 736; baseline -0.016 -9"><span class='ocrx_word' id='word_1_41' title='bbox 242 686 456 736; x_wconf 75' lang='lat' dir='ltr'>Intercipto.</span> <span class='ocrx_word' id='word_1_42' title='bbox 487 683 690 735; x_wconf 85' lang='lat' dir='ltr'>Intercepit</span> <span class='ocrx_word' id='word_1_43' title='bbox 713 679 856 718; x_wconf 84' lang='lat' dir='ltr'>litteras</span> <span class='ocrx_word' id='word_1_44' title='bbox 881 692 982 716; x_wconf 83' lang='lat' dir='ltr'>meas</span> 
     </span>
     <span class='ocr_line' id='line_1_11' title="bbox 301 738 985 787; baseline -0.01 -6"><span class='ocrx_word' id='word_1_45' title='bbox 301 738 499 782; x_wconf 75' lang='lat' dir='ltr'>Dolabella</span> <span class='ocrx_word' id='word_1_46' title='bbox 740 748 805 782; x_wconf 87' lang='lat'>12,</span> <span class='ocrx_word' id='word_1_47' title='bbox 822 747 887 782; x_wconf 91' lang='lat'>12,</span> <span class='ocrx_word' id='word_1_48' title='bbox 902 745 985 787; x_wconf 85' lang='lat'>354</span> 
     </span>
     <span class='ocr_line' id='line_1_12' title="bbox 246 791 985 845; baseline -0.012 -6"><span class='ocrx_word' id='word_1_49' title='bbox 246 797 476 845; x_wconf 76' lang='lat' dir='ltr'>Intercludi.</span> <span class='ocrx_word' id='word_1_50' title='bbox 505 795 625 833; x_wconf 85' lang='lat' dir='ltr'>Etiam</span> <span class='ocrx_word' id='word_1_51' title='bbox 645 791 740 831; x_wconf 91' lang='lat' dir='ltr'>illud</span> <span class='ocrx_word' id='word_1_52' title='bbox 759 806 903 839; x_wconf 81' lang='lat' dir='ltr'>metuo,</span> <span class='ocrx_word' id='word_1_53' title='bbox 937 806 985 829; x_wconf 82' lang='lat' dir='ltr'>ne</span> 
     </span>
     <span class='ocr_line' id='line_1_13' title="bbox 298 850 985 902; baseline -0.013 -7"><span class='ocrx_word' id='word_1_54' title='bbox 298 860 375 896; x_wconf 86' lang='lat' dir='ltr'>iam</span> <span class='ocrx_word' id='word_1_55' title='bbox 395 850 693 893; x_wconf 82' lang='lat' dir='ltr'>intercludamur</span> <span class='ocrx_word' id='word_1_56' title='bbox 714 862 766 902; x_wconf 87' lang='lat'>14</span> <span class='ocrx_word' id='word_1_57' title='bbox 804 861 868 901; x_wconf 85' lang='lat'>14,</span> <span class='ocrx_word' id='word_1_58' title='bbox 889 851 985 900; x_wconf 68' lang='lat'><strong>446.</strong></span> 
     </span>
     <span class='ocr_line' id='line_1_14' title="bbox 300 906 986 962; baseline -0.015 -9"><span class='ocrx_word' id='word_1_59' title='bbox 300 909 504 953; x_wconf 68' lang='lat' dir='ltr'>intercludi</span> <span class='ocrx_word' id='word_1_60' title='bbox 524 910 652 962; x_wconf 88' lang='lat' dir='ltr'>paruis</span> <span class='ocrx_word' id='word_1_61' title='bbox 676 906 866 959; x_wconf 77' lang='lat' dir='ltr'>praesidiis</span> <span class='ocrx_word' id='word_1_62' title='bbox 886 918 986 945; x_wconf 80' lang='lat' dir='ltr'>vter-</span> 
     </span>
     <span class='ocr_line' id='line_1_15' title="bbox 301 962 989 1023; baseline -0.015 -14"><span class='ocrx_word' id='word_1_63' title='bbox 301 984 377 1023; x_wconf 86' lang='lat' dir='ltr'>que</span> <span class='ocrx_word' id='word_1_64' title='bbox 399 969 534 1010; x_wconf 80' lang='lat' dir='ltr'>aditus,</span> <span class='ocrx_word' id='word_1_65' title='bbox 566 965 633 1017; x_wconf 86' lang='lat' dir='ltr'>qui</span> <span class='ocrx_word' id='word_1_66' title='bbox 662 965 776 1002; x_wconf 84' lang='lat' dir='ltr'>estin</span> <span class='ocrx_word' id='word_1_67' title='bbox 805 962 989 1009; x_wconf 77' lang='lat' dir='ltr'>Ciliciam,</span> 
     </span>
     <span class='ocr_line' id='line_1_16' title="bbox 302 1023 990 1082; baseline -0.012 -16"><span class='ocrx_word' id='word_1_68' title='bbox 302 1029 424 1082; x_wconf 85' lang='lat' dir='ltr'>potest</span> <span class='ocrx_word' id='word_1_69' title='bbox 454 1034 612 1077; x_wconf 81' lang='lat' dir='ltr'>propter</span> <span class='ocrx_word' id='word_1_70' title='bbox 642 1023 826 1070; x_wconf 84' lang='lat' dir='ltr'>angustias</span> <span class='ocrx_word' id='word_1_71' title='bbox 860 1032 926 1072; x_wconf 76' lang='grc' dir='ltr'>ῖς,</span> <span class='ocrx_word' id='word_1_72' title='bbox 949 1034 990 1071; x_wconf 82' lang='lat'>4,</span> 
     </span>
     <span class='ocr_line' id='line_1_17' title="bbox 303 1078 988 1138; baseline -0.007 -16"><span class='ocrx_word' id='word_1_73' title='bbox 303 1096 401 1138; x_wconf 83' lang='lat'>457.</span> <span class='ocrx_word' id='word_1_74' title='bbox 439 1078 643 1119; x_wconf 83' lang='lat' dir='ltr'>intercludi</span> <span class='ocrx_word' id='word_1_75' title='bbox 663 1078 752 1127; x_wconf 86' lang='lat' dir='ltr'>fuga</span> <span class='ocrx_word' id='word_1_76' title='bbox 782 1083 988 1130; x_wconf 77' lang='lat' dir='ltr'>15‚4,45S</span> 
     </span>
     <span class='ocr_line' id='line_1_18' title="bbox 251 1149 993 1203; baseline -0.012 -7"><span class='ocrx_word' id='word_1_77' title='bbox 251 1154 503 1197; x_wconf 74' lang='lat' dir='ltr'>Inoerdicetur</span> <span class='ocrx_word' id='word_1_78' title='bbox 525 1152 636 1190; x_wconf 84' lang='lat' dir='ltr'>nobis</span> <span class='ocrx_word' id='word_1_79' title='bbox 651 1164 748 1203; x_wconf 86' lang='lat' dir='ltr'>aqua</span> <span class='ocrx_word' id='word_1_80' title='bbox 770 1160 807 1188; x_wconf 90' lang='lat' dir='ltr'>et</span> <span class='ocrx_word' id='word_1_81' title='bbox 829 1149 907 1196; x_wconf 83' lang='lat' dir='ltr'>igni</span> <span class='ocrx_word' id='word_1_82' title='bbox 926 1159 943 1187; x_wconf 88' lang='grc' dir='ltr'>Ι</span> <span class='ocrx_word' id='word_1_83' title='bbox 956 1159 993 1194; x_wconf 90' lang='lat'>1,</span> 
     </span>
     <span class='ocr_line' id='line_1_19' title="bbox 855 1207 993 1256; baseline 0.007 -12"><span class='ocrx_word' id='word_1_84' title='bbox 855 1216 891 1251; x_wconf 90' lang='lat'>1,</span> <span class='ocrx_word' id='word_1_85' title='bbox 913 1207 993 1256; x_wconf 80' lang='lat'>316</span> 
     </span>
    </p>

    <p class='ocr_par' dir='ltr' id='par_1_5' title="bbox 251 1262 998 1472">
     <span class='ocr_line' id='line_1_20' title="bbox 251 1262 994 1310; baseline -0.016 -1"><span class='ocrx_word' id='word_1_86' title='bbox 251 1267 502 1310; x_wconf 68' lang='lat' dir='ltr'>Interdiemm</span> <span class='ocrx_word' id='word_1_87' title='bbox 543 1263 652 1303; x_wconf 85' lang='lat' dir='ltr'>Vnde</span> <span class='ocrx_word' id='word_1_88' title='bbox 683 1263 743 1308; x_wconf 86' lang='lat' dir='ltr'>vi,</span> <span class='ocrx_word' id='word_1_89' title='bbox 772 1262 994 1300; x_wconf 81' lang='lat' dir='ltr'>hominibus</span> 
     </span>
     <span class='ocr_line' id='line_1_21' title="bbox 308 1317 995 1373; baseline -0.015 -8"><span class='ocrx_word' id='word_1_90' title='bbox 308 1326 460 1364; x_wconf 82' lang='lat' dir='ltr'>armatis</span> <span class='ocrx_word' id='word_1_91' title='bbox 485 1333 550 1373; x_wconf 80' lang='lat'>15,</span> <span class='ocrx_word' id='word_1_92' title='bbox 575 1324 638 1366; x_wconf 82' lang='lat'>16,</span> <span class='ocrx_word' id='word_1_93' title='bbox 655 1331 752 1372; x_wconf 82' lang='lat'>473.</span> <span class='ocrx_word' id='word_1_94' title='bbox 783 1317 995 1357; x_wconf 56' lang='lat' dir='ltr'>interdifilis</span> 
     </span>
     <span class='ocr_line' id='line_1_22' title="bbox 315 1377 997 1433; baseline -0.016 -12"><span class='ocrx_word' id='word_1_95' title='bbox 315 1379 519 1421; x_wconf 85' lang='lat' dir='ltr'>defendere</span> <span class='ocrx_word' id='word_1_96' title='bbox 557 1377 817 1433; x_wconf 66' lang='lat' dir='ltr'>poffessionem</span> <span class='ocrx_word' id='word_1_97' title='bbox 857 1387 899 1427; x_wconf 85' lang='lat'>7,</span> <span class='ocrx_word' id='word_1_98' title='bbox 930 1385 997 1422; x_wconf 82' lang='lat'>32,</span> 
     </span>
     <span class='ocr_line' id='line_1_23' title="bbox 915 1442 998 1472; baseline -0.012 0"><span class='ocrx_word' id='word_1_99' title='bbox 915 1442 998 1472; x_wconf 75' lang='lat'>202</span> 
     </span>
    </p>

    <p class='ocr_par' dir='ltr' id='par_1_6' title="bbox 259 1487 998 1658">
     <span class='ocr_line' id='line_1_24' title="bbox 259 1487 998 1548; baseline -0.019 -10"><span class='ocrx_word' id='word_1_100' title='bbox 259 1490 448 1548; x_wconf 70' lang='lat' dir='ltr'>Intereff,</span> <span class='ocrx_word' id='word_1_101' title='bbox 471 1493 601 1544; x_wconf 52' lang='lat' dir='ltr'>praees(</span> <span class='ocrx_word' id='word_1_102' title='bbox 614 1504 645 1528; x_wconf 79' lang='lat' dir='ltr'>e.</span> <span class='ocrx_word' id='word_1_103' title='bbox 686 1492 779 1528; x_wconf 86' lang='lat' dir='ltr'>Non</span> <span class='ocrx_word' id='word_1_104' title='bbox 804 1487 926 1528; x_wconf 88' lang='lat' dir='ltr'>solum</span> <span class='ocrx_word' id='word_1_105' title='bbox 945 1490 998 1525; x_wconf 91' lang='lat' dir='ltr'>in-</span> 
     </span>
     <span class='ocr_line' id='line_1_25' title="bbox 317 1545 997 1598; baseline -0.015 -6"><span class='ocrx_word' id='word_1_106' title='bbox 317 1551 449 1592; x_wconf 84' lang='lat' dir='ltr'>terfuit</span> <span class='ocrx_word' id='word_1_107' title='bbox 470 1550 526 1586; x_wconf 77' lang='lat' dir='ltr'>his</span> <span class='ocrx_word' id='word_1_108' title='bbox 540 1549 665 1593; x_wconf 87' lang='lat' dir='ltr'>rebus,</span> <span class='ocrx_word' id='word_1_109' title='bbox 679 1545 741 1585; x_wconf 88' lang='lat' dir='ltr'>sed</span> <span class='ocrx_word' id='word_1_110' title='bbox 758 1548 870 1586; x_wconf 88' lang='lat' dir='ltr'>etiam</span> <span class='ocrx_word' id='word_1_111' title='bbox 895 1558 997 1598; x_wconf 84' lang='lat' dir='ltr'>prae-</span> 
     </span>
     <span class='ocr_line' id='line_1_26' title="bbox 317 1607 998 1658; baseline -0.012 -9"><span class='ocrx_word' id='word_1_112' title='bbox 317 1609 392 1650; x_wconf 88' lang='lat' dir='ltr'>fuit</span> <span class='ocrx_word' id='word_1_113' title='bbox 859 1614 895 1650; x_wconf 89' lang='lat'>1,</span> <span class='ocrx_word' id='word_1_114' title='bbox 916 1607 954 1650; x_wconf 82' lang='lat'>6,</span> <span class='ocrx_word' id='word_1_115' title='bbox 967 1608 998 1658; x_wconf 70' lang='grc'>8</span> 
     </span>
    </p>
   </div>
   <div class='ocr_carea' id='block_1_5' title="bbox 262 1674 1020 2412">
    <p class='ocr_par' dir='ltr' id='par_1_7' title="bbox 262 1674 1020 2412">
     <span class='ocr_line' id='line_1_27' title="bbox 262 1674 1005 1731; baseline -0.016 -8"><span class='ocrx_word' id='word_1_116' title='bbox 262 1678 529 1731; x_wconf 78' lang='lat' dir='ltr'>Interpellare.</span> <span class='ocrx_word' id='word_1_117' title='bbox 563 1674 699 1715; x_wconf 86' lang='lat' dir='ltr'>Caesar</span> <span class='ocrx_word' id='word_1_118' title='bbox 717 1689 925 1729; x_wconf 82' lang='lat' dir='ltr'>numquam</span> <span class='ocrx_word' id='word_1_119' title='bbox 948 1675 1005 1712; x_wconf 86' lang='lat' dir='ltr'>in-</span> 
     </span>
     <span class='ocr_line' id='line_1_28' title="bbox 319 1730 1009 1789; baseline -0.012 -13"><span class='ocrx_word' id='word_1_120' title='bbox 319 1734 550 1789; x_wconf 83' lang='lat' dir='ltr'>terpellauit,</span> <span class='ocrx_word' id='word_1_121' title='bbox 573 1736 679 1786; x_wconf 86' lang='lat' dir='ltr'>quin,</span> <span class='ocrx_word' id='word_1_122' title='bbox 692 1735 831 1786; x_wconf 88' lang='lat' dir='ltr'>quibus</span> <span class='ocrx_word' id='word_1_123' title='bbox 853 1730 1009 1777; x_wconf 83' lang='lat' dir='ltr'>vellem,</span> 
     </span>
     <span class='ocr_line' id='line_1_29' title="bbox 318 1787 1007 1846; baseline -0.012 -12"><span class='ocrx_word' id='word_1_124' title='bbox 318 1805 436 1846; x_wconf 85' lang='lat' dir='ltr'>atque</span> <span class='ocrx_word' id='word_1_125' title='bbox 461 1792 573 1830; x_wconf 85' lang='lat' dir='ltr'>etiam</span> <span class='ocrx_word' id='word_1_126' title='bbox 596 1804 694 1842; x_wconf 89' lang='lat' dir='ltr'>quos</span> <span class='ocrx_word' id='word_1_127' title='bbox 711 1789 789 1843; x_wconf 88' lang='lat' dir='ltr'>ipse</span> <span class='ocrx_word' id='word_1_128' title='bbox 815 1805 892 1828; x_wconf 90' lang='lat' dir='ltr'>non</span> <span class='ocrx_word' id='word_1_129' title='bbox 923 1787 1007 1827; x_wconf 73' lang='lat' dir='ltr'>dili&#39;-</span> 
     </span>
     <span class='ocr_line' id='line_1_30' title="bbox 320 1849 1007 1902; baseline -0.007 -12"><span class='ocrx_word' id='word_1_130' title='bbox 320 1852 445 1902; x_wconf 83' lang='lat' dir='ltr'>gebat,</span> <span class='ocrx_word' id='word_1_131' title='bbox 476 1859 600 1887; x_wconf 88' lang='lat' dir='ltr'>tamen</span> <span class='ocrx_word' id='word_1_132' title='bbox 623 1849 668 1885; x_wconf 91' lang='lat' dir='ltr'>iis</span> <span class='ocrx_word' id='word_1_133' title='bbox 698 1858 827 1887; x_wconf 85' lang='lat' dir='ltr'>Vterer</span> <span class='ocrx_word' id='word_1_134' title='bbox 856 1858 920 1892; x_wconf 83' lang='grc'>11,</span> <span class='ocrx_word' id='word_1_135' title='bbox 939 1851 1007 1893; x_wconf 78' lang='lat'>28,</span> 
     </span>
     <span class='ocr_line' id='line_1_31' title="bbox 323 1903 1008 1963; baseline -0.007 -19"><span class='ocrx_word' id='word_1_136' title='bbox 323 1921 408 1963; x_wconf 81' lang='lat'>342</span> <span class='ocrx_word' id='word_1_137' title='bbox 460 1903 701 1958; x_wconf 83' lang='lat' dir='ltr'>interpellent</span> <span class='ocrx_word' id='word_1_138' title='bbox 734 1919 794 1943; x_wconf 89' lang='lat' dir='ltr'>me</span> <span class='ocrx_word' id='word_1_139' title='bbox 822 1905 1008 1948; x_wconf 84' lang='lat' dir='ltr'>homines,</span> 
     </span>
     <span class='ocr_line' id='line_1_32' title="bbox 323 1959 1011 2019; baseline -0.01 -16"><span class='ocrx_word' id='word_1_140' title='bbox 323 1979 403 2019; x_wconf 90' lang='lat' dir='ltr'>quo</span> <span class='ocrx_word' id='word_1_141' title='bbox 430 1965 555 2001; x_wconf 85' lang='lat' dir='ltr'>minus</span> <span class='ocrx_word' id='word_1_142' title='bbox 576 1962 787 2001; x_wconf 81' lang='lat' dir='ltr'>honoratus</span> <span class='ocrx_word' id='word_1_143' title='bbox 808 1962 884 2008; x_wconf 81' lang='lat' dir='ltr'>fim,</span> <span class='ocrx_word' id='word_1_144' title='bbox 919 1959 1011 1998; x_wconf 86' lang='lat' dir='ltr'>dum</span> 
     </span>
     <span class='ocr_line' id='line_1_33' title="bbox 322 2017 1012 2072; baseline -0.013 -10"><span class='ocrx_word' id='word_1_145' title='bbox 322 2037 373 2062; x_wconf 86' lang='lat' dir='ltr'>ne</span> <span class='ocrx_word' id='word_1_146' title='bbox 396 2017 655 2072; x_wconf 80' lang='lat' dir='ltr'>interpellent,</span> <span class='ocrx_word' id='word_1_147' title='bbox 678 2032 755 2071; x_wconf 89' lang='lat' dir='ltr'>quo</span> <span class='ocrx_word' id='word_1_148' title='bbox 769 2021 893 2065; x_wconf 77' lang='lat' dir='ltr'>minus</span> <span class='ocrx_word' id='word_1_149' title='bbox 910 2031 930 2055; x_wconf 89' lang='lat' dir='ltr'>a</span> <span class='ocrx_word' id='word_1_150' title='bbox 951 2030 1012 2054; x_wconf 87' lang='lat' dir='ltr'>me</span> 
     </span>
     <span class='ocr_line' id='line_1_34' title="bbox 324 2075 1015 2131; baseline -0.012 -12"><span class='ocrx_word' id='word_1_151' title='bbox 324 2075 539 2131; x_wconf 83' lang='lat' dir='ltr'>respublica</span> <span class='ocrx_word' id='word_1_152' title='bbox 562 2076 761 2115; x_wconf 88' lang='lat' dir='ltr'>commode</span> <span class='ocrx_word' id='word_1_153' title='bbox 781 2075 1015 2115; x_wconf 83' lang='lat' dir='ltr'>administra·</span> 
     </span>
     <span class='ocr_line' id='line_1_35' title="bbox 323 2128 1016 2188; baseline -0.014 -11"><span class='ocrx_word' id='word_1_154' title='bbox 323 2139 360 2177; x_wconf 84' lang='lat' dir='ltr'>ri</span> <span class='ocrx_word' id='word_1_155' title='bbox 381 2134 489 2188; x_wconf 84' lang='lat' dir='ltr'>possit</span> <span class='ocrx_word' id='word_1_156' title='bbox 516 2144 576 2175; x_wconf 63' lang='lat'>11⁴</span> <span class='ocrx_word' id='word_1_157' title='bbox 603 2145 669 2175; x_wconf 74' lang='lat'>10,</span> <span class='ocrx_word' id='word_1_158' title='bbox 692 2144 785 2187; x_wconf 83' lang='lat'>324.</span> <span class='ocrx_word' id='word_1_159' title='bbox 835 2128 1016 2182; x_wconf 86' lang='lat' dir='ltr'>interpel-</span> 
     </span>
     <span class='ocr_line' id='line_1_36' title="bbox 325 2189 1016 2241; baseline -0.007 -8"><span class='ocrx_word' id='word_1_160' title='bbox 325 2192 426 2233; x_wconf 80' lang='lat' dir='ltr'>latus</span> <span class='ocrx_word' id='word_1_161' title='bbox 464 2193 504 2229; x_wconf 91' lang='lat' dir='ltr'>in</span> <span class='ocrx_word' id='word_1_162' title='bbox 547 2203 594 2228; x_wconf 88' lang='lat' dir='ltr'>eo</span> <span class='ocrx_word' id='word_1_163' title='bbox 629 2189 710 2228; x_wconf 83' lang='lat' dir='ltr'>casu</span> <span class='ocrx_word' id='word_1_164' title='bbox 745 2201 810 2235; x_wconf 89' lang='lat'>10,</span> <span class='ocrx_word' id='word_1_165' title='bbox 828 2202 896 2241; x_wconf 82' lang='lat'>23,</span> <span class='ocrx_word' id='word_1_166' title='bbox 918 2193 1016 2240; x_wconf 82' lang='lat'>298.</span> 
     </span>
     <span class='ocr_line' id='line_1_37' title="bbox 330 2246 1020 2303; baseline -0.01 -14"><span class='ocrx_word' id='word_1_167' title='bbox 330 2263 429 2303; x_wconf 91' lang='lat' dir='ltr'>quae</span> <span class='ocrx_word' id='word_1_168' title='bbox 463 2261 547 2293; x_wconf 78' lang='lat' dir='ltr'>reS,</span> <span class='ocrx_word' id='word_1_169' title='bbox 573 2247 597 2284; x_wconf 84' lang='lat' dir='ltr'>fi</span> <span class='ocrx_word' id='word_1_170' title='bbox 630 2261 708 2285; x_wconf 86' lang='lat' dir='ltr'>non</span> <span class='ocrx_word' id='word_1_171' title='bbox 733 2246 844 2285; x_wconf 83' lang='lat' dir='ltr'>effem</span> <span class='ocrx_word' id='word_1_172' title='bbox 872 2260 892 2283; x_wconf 82' lang='lat' dir='ltr'>a</span> <span class='ocrx_word' id='word_1_173' title='bbox 920 2246 1020 2283; x_wconf 86' lang='lat' dir='ltr'>Rho-</span> 
     </span>
     <span class='ocr_line' id='line_1_38' title="bbox 332 2301 1018 2355; baseline -0.013 -8"><span class='ocrx_word' id='word_1_174' title='bbox 332 2307 404 2347; x_wconf 86' lang='lat' dir='ltr'>diis</span> <span class='ocrx_word' id='word_1_175' title='bbox 428 2301 714 2355; x_wconf 84' lang='lat' dir='ltr'>interpellatus,</span> <span class='ocrx_word' id='word_1_176' title='bbox 750 2301 902 2342; x_wconf 75' lang='lat' dir='ltr'>fortaffe</span> <span class='ocrx_word' id='word_1_177' title='bbox 938 2311 1018 2340; x_wconf 90' lang='lat' dir='ltr'>tota</span> 
     </span>
     <span class='ocr_line' id='line_1_39' title="bbox 332 2359 1017 2412; baseline -0.003 -8"><span class='ocrx_word' id='word_1_178' title='bbox 332 2362 475 2404; x_wconf 83' lang='lat' dir='ltr'>sublata</span> <span class='ocrx_word' id='word_1_179' title='bbox 498 2359 587 2400; x_wconf 80' lang='lat' dir='ltr'>esset</span> <span class='ocrx_word' id='word_1_180' title='bbox 738 2395 742 2398; x_wconf 81' lang='lat'><em>.</em></span> <span class='ocrx_word' id='word_1_181' title='bbox 782 2373 845 2407; x_wconf 80' lang='lat'>12,</span> <span class='ocrx_word' id='word_1_182' title='bbox 862 2372 924 2412; x_wconf 74' lang='lat'>14»</span> <span class='ocrx_word' id='word_1_183' title='bbox 939 2364 1017 2411; x_wconf 78' lang='lat'>358</span> 
     </span>
    </p>
   </div>
   <div class='ocr_carea' id='block_1_6' title="bbox 278 2431 1026 2769">
    <p class='ocr_par' dir='ltr' id='par_1_8' title="bbox 278 2431 1022 2604">
     <span class='ocr_line' id='line_1_40' title="bbox 278 2431 1021 2487; baseline -0.017 -8"><span class='ocrx_word' id='word_1_184' title='bbox 278 2438 526 2487; x_wconf 73' lang='lat' dir='ltr'>Interponere</span> <span class='ocrx_word' id='word_1_185' title='bbox 552 2432 593 2481; x_wconf 84' lang='lat' dir='ltr'>se</span> <span class='ocrx_word' id='word_1_186' title='bbox 628 2432 668 2469; x_wconf 84' lang='lat' dir='ltr'>in</span> <span class='ocrx_word' id='word_1_187' title='bbox 707 2431 1021 2483; x_wconf 75' lang='lat' dir='ltr'>pacificationem.</span> 
     </span>
     <span class='ocr_line' id='line_1_41' title="bbox 336 2486 1022 2545; baseline -0.012 -14"><span class='ocrx_word' id='word_1_188' title='bbox 336 2490 548 2545; x_wconf 76' lang='lat' dir='ltr'>Sapientius</span> <span class='ocrx_word' id='word_1_189' title='bbox 571 2486 698 2534; x_wconf 82' lang='lat' dir='ltr'>facies,</span> <span class='ocrx_word' id='word_1_190' title='bbox 726 2489 750 2525; x_wconf 83' lang='lat' dir='ltr'><strong>fi</strong></span> <span class='ocrx_word' id='word_1_191' title='bbox 779 2499 814 2527; x_wconf 87' lang='lat' dir='ltr'>te</span> <span class='ocrx_word' id='word_1_192' title='bbox 845 2489 885 2525; x_wconf 91' lang='lat' dir='ltr'>in</span> <span class='ocrx_word' id='word_1_193' title='bbox 915 2487 1022 2524; x_wconf 88' lang='lat' dir='ltr'>istam</span> 
     </span>
     <span class='ocr_line' id='line_1_42' title="bbox 336 2546 1020 2604; baseline -0.013 -15"><span class='ocrx_word' id='word_1_194' title='bbox 336 2548 638 2604; x_wconf 75' lang='lat' dir='ltr'>pacificationem</span> <span class='ocrx_word' id='word_1_195' title='bbox 683 2558 763 2583; x_wconf 91' lang='lat' dir='ltr'>non</span> <span class='ocrx_word' id='word_1_196' title='bbox 799 2546 1020 2596; x_wconf 86' lang='lat' dir='ltr'>interpones</span> 
     </span>
    </p>

    <p class='ocr_par' dir='ltr' id='par_1_9' title="bbox 765 2610 1024 2654">
     <span class='ocr_line' id='line_1_43' title="bbox 765 2610 1024 2654; baseline -0.015 -12"><span class='ocrx_word' id='word_1_197' title='bbox 765 2613 830 2648; x_wconf 91' lang='grc'>10,</span> <span class='ocrx_word' id='word_1_198' title='bbox 851 2611 916 2654; x_wconf 89' lang='lat'>27,</span> <span class='ocrx_word' id='word_1_199' title='bbox 943 2610 1024 2652; x_wconf 83' lang='lat'>304</span> 
     </span>
    </p>

    <p class='ocr_par' dir='ltr' id='par_1_10' title="bbox 284 2656 1024 2711">
     <span class='ocr_line' id='line_1_44' title="bbox 284 2656 1024 2711; baseline -0.009 -9"><span class='ocrx_word' id='word_1_200' title='bbox 284 2662 563 2711; x_wconf 79' lang='lat' dir='ltr'>Interruptum.</span> <span class='ocrx_word' id='word_1_201' title='bbox 623 2657 799 2697; x_wconf 86' lang='lat' dir='ltr'>Officium</span> <span class='ocrx_word' id='word_1_202' title='bbox 822 2656 941 2696; x_wconf 85' lang='lat' dir='ltr'>multa</span> <span class='ocrx_word' id='word_1_203' title='bbox 961 2670 1024 2695; x_wconf 91' lang='lat' dir='ltr'>va-</span> 
     </span>
    </p>

    <p class='ocr_par' dir='ltr' id='par_1_11' title="bbox 342 2717 1026 2769">
     <span class='ocr_line' id='line_1_45' title="bbox 342 2717 1026 2769; baseline -0.009 -13"><span class='ocrx_word' id='word_1_204' title='bbox 342 2718 475 2757; x_wconf 87' lang='lat' dir='ltr'>rietate</span> <span class='ocrx_word' id='word_1_205' title='bbox 510 2725 727 2769; x_wconf 73' lang='lat' dir='ltr'>temporum</span> <span class='ocrx_word' id='word_1_206' title='bbox 770 2717 1026 2766; x_wconf 83' lang='lat' dir='ltr'>interruptum</span> 
     </span>
    </p>
   </div>
   <div class='ocr_carea' id='block_1_7' title="bbox 824 2777 1025 2823">
    <p class='ocr_par' dir='ltr' id='par_1_12' title="bbox 824 2777 1025 2823">
     <span class='ocr_line' id='line_1_46' title="bbox 824 2777 1025 2823; baseline 0.005 -1"><span class='ocrx_word' id='word_1_207' title='bbox 824 2777 923 2823; x_wconf 73' lang='lat'>528»</span> <span class='ocrx_word' id='word_1_208' title='bbox 946 2781 1025 2823; x_wconf 83' lang='lat'>113</span> 
     </span>
    </p>
   </div>
   <div class='ocr_carea' id='block_1_8' title="bbox 1031 205 1839 603">
    <p class='ocr_par' dir='ltr' id='par_1_13' title="bbox 1031 205 1839 603">
     <span class='ocr_line' id='line_1_47' title="bbox 1031 205 1773 254; baseline -0.005 -5"><span class='ocrx_word' id='word_1_209' title='bbox 1031 205 1233 254; x_wconf 67' lang='lat' dir='ltr'>latei-sum,</span> <span class='ocrx_word' id='word_1_210' title='bbox 1264 206 1343 246; x_wconf 81' lang='lat' dir='ltr'><strong><em>vid.</em></strong></span> <span class='ocrx_word' id='word_1_211' title='bbox 1366 205 1553 246; x_wconf 65' lang='lat' dir='ltr'>inte‘refl&#39;e.</span> <span class='ocrx_word' id='word_1_212' title='bbox 1768 242 1773 245; x_wconf 79' lang='grc'>,</span> 
     </span>
     <span class='ocr_line' id='line_1_48' title="bbox 1034 260 1769 315; baseline -0.008 -9"><span class='ocrx_word' id='word_1_213' title='bbox 1034 263 1286 306; x_wconf 78' lang='lat' dir='ltr'>interuallum</span> <span class='ocrx_word' id='word_1_214' title='bbox 1313 260 1465 313; x_wconf 77' lang='lat' dir='ltr'>longius</span> <span class='ocrx_word' id='word_1_215' title='bbox 1494 263 1706 302; x_wconf 70' lang='lat' dir='ltr'>litterarum</span> <span class='ocrx_word' id='word_1_216' title='bbox 1726 274 1769 315; x_wconf 89' lang='lat'>7,</span> 
     </span>
     <span class='ocr_line' id='line_1_49' title="bbox 1093 319 1772 373; baseline -0.003 -13"><span class='ocrx_word' id='word_1_217' title='bbox 1093 328 1155 369; x_wconf 84' lang='lat'>18,</span> <span class='ocrx_word' id='word_1_218' title='bbox 1180 327 1274 373; x_wconf 78' lang='lat'>189.</span> <span class='ocrx_word' id='word_1_219' title='bbox 1303 319 1509 360; x_wconf 86' lang='lat' dir='ltr'>interuallo</span> <span class='ocrx_word' id='word_1_220' title='bbox 1528 319 1702 359; x_wconf 89' lang='lat' dir='ltr'>locorum</span> <span class='ocrx_word' id='word_1_221' title='bbox 1727 334 1772 359; x_wconf 77' lang='lat' dir='ltr'>ae</span> 
     </span>
     <span class='ocr_line' id='line_1_50' title="bbox 1095 376 1772 430; baseline -0.003 -12"><span class='ocrx_word' id='word_1_222' title='bbox 1095 390 1310 430; x_wconf 85' lang='lat' dir='ltr'>temporum</span> <span class='ocrx_word' id='word_1_223' title='bbox 1331 376 1511 417; x_wconf 73' lang='lat' dir='ltr'>disiunffl</span> <span class='ocrx_word' id='word_1_224' title='bbox 1644 387 1772 430; x_wconf 87' lang='lat'>1,7‚9</span> 
     </span>
     <span class='ocr_line' id='line_1_51' title="bbox 1033 433 1813 488; baseline -0.004 -12"><span class='ocrx_word' id='word_1_225' title='bbox 1033 436 1236 476; x_wconf 82' lang='lat' dir='ltr'>Intestinus</span> <span class='ocrx_word' id='word_1_226' title='bbox 1258 433 1371 474; x_wconf 86' lang='lat' dir='ltr'>dolor</span> <span class='ocrx_word' id='word_1_227' title='bbox 1397 449 1435 483; x_wconf 82' lang='lat'>4,</span> <span class='ocrx_word' id='word_1_228' title='bbox 1463 448 1498 488; x_wconf 82' lang='lat'>5,</span> <span class='ocrx_word' id='word_1_229' title='bbox 1523 441 1587 486; x_wconf 81' lang='lat'>87.</span> <span class='ocrx_word' id='word_1_230' title='bbox 1631 434 1774 473; x_wconf 82' lang='lat' dir='ltr'>intesti-</span> <span class='ocrx_word' id='word_1_231' title='bbox 1811 471 1813 473; x_wconf 88' lang='lat'>.</span> 
     </span>
     <span class='ocr_line' id='line_1_52' title="bbox 1093 484 1839 544; baseline -0.001 -13"><span class='ocrx_word' id='word_1_232' title='bbox 1093 505 1185 531; x_wconf 89' lang='lat' dir='ltr'>num</span> <span class='ocrx_word' id='word_1_233' title='bbox 1217 489 1332 529; x_wconf 89' lang='lat' dir='ltr'>scelus</span> <span class='ocrx_word' id='word_1_234' title='bbox 1363 503 1401 543; x_wconf 83' lang='lat'>5,</span> <span class='ocrx_word' id='word_1_235' title='bbox 1420 505 1460 533; x_wconf 85' lang='lat'>2,</span> <span class='ocrx_word' id='word_1_236' title='bbox 1486 503 1578 544; x_wconf 81' lang='lat'><em>105.</em></span> <span class='ocrx_word' id='word_1_237' title='bbox 1634 492 1776 530; x_wconf 86' lang='lat' dir='ltr'>intesti-</span> <span class='ocrx_word' id='word_1_238' title='bbox 1836 484 1839 493; x_wconf 50' lang='grc'><strong>“</strong></span> 
     </span>
     <span class='ocr_line' id='line_1_53' title="bbox 1090 547 1777 603; baseline 0.003 -17"><span class='ocrx_word' id='word_1_239' title='bbox 1090 563 1183 587; x_wconf 82' lang='grc'>1111111</span> <span class='ocrx_word' id='word_1_240' title='bbox 1208 549 1314 588; x_wconf 71' lang='lat' dir='ltr'>vrbis</span> <span class='ocrx_word' id='word_1_241' title='bbox 1333 547 1476 587; x_wconf 87' lang='lat' dir='ltr'>malum</span> <span class='ocrx_word' id='word_1_242' title='bbox 1536 560 1681 601; x_wconf 80' lang='lat'>11,25,</span> <span class='ocrx_word' id='word_1_243' title='bbox 1695 560 1777 603; x_wconf 84' lang='lat'>337</span> 
     </span>
    </p>
   </div>
   <div class='ocr_carea' id='block_1_9' title="bbox 1038 618 1779 672">
    <p class='ocr_par' dir='ltr' id='par_1_14' title="bbox 1038 618 1779 672">
     <span class='ocr_line' id='line_1_54' title="bbox 1038 618 1779 672; baseline 0.001 -11"><span class='ocrx_word' id='word_1_244' title='bbox 1038 623 1176 661; x_wconf 88' lang='lat' dir='ltr'>Intima</span> <span class='ocrx_word' id='word_1_245' title='bbox 1195 620 1324 660; x_wconf 89' lang='lat' dir='ltr'>omnia</span> <span class='ocrx_word' id='word_1_246' title='bbox 1344 634 1429 658; x_wconf 88' lang='lat' dir='ltr'>cum</span> <span class='ocrx_word' id='word_1_247' title='bbox 1448 618 1579 672; x_wconf 86' lang='lat' dir='ltr'>aliquo</span> <span class='ocrx_word' id='word_1_248' title='bbox 1602 619 1779 662; x_wconf 83' lang='lat' dir='ltr'>conferre</span> 
     </span>
    </p>
   </div>
   <div class='ocr_carea' id='block_1_10' title="bbox 1553 683 1777 731">
    <p class='ocr_par' dir='ltr' id='par_1_15' title="bbox 1553 683 1777 731">
     <span class='ocr_line' id='line_1_55' title="bbox 1553 683 1777 731; baseline 0 -1"><span class='ocrx_word' id='word_1_249' title='bbox 1553 683 1590 725; x_wconf 78' lang='lat'>8,</span> <span class='ocrx_word' id='word_1_250' title='bbox 1614 689 1777 731; x_wconf 85' lang='lat'>15‚233</span> 
     </span>
    </p>
   </div>
   <div class='ocr_carea' id='block_1_11' title="bbox 1041 731 1781 786">
    <p class='ocr_par' dir='ltr' id='par_1_16' title="bbox 1041 731 1781 786">
     <span class='ocr_line' id='line_1_56' title="bbox 1041 731 1781 786; baseline -0.012 -9"><span class='ocrx_word' id='word_1_251' title='bbox 1041 740 1146 777; x_wconf 80' lang='lat' dir='ltr'>lutra</span> <span class='ocrx_word' id='word_1_252' title='bbox 1173 746 1297 774; x_wconf 88' lang='lat' dir='ltr'>cutem</span> <span class='ocrx_word' id='word_1_253' title='bbox 1322 731 1468 786; x_wconf 88' lang='lat' dir='ltr'>aliquid</span> <span class='ocrx_word' id='word_1_254' title='bbox 1490 732 1613 772; x_wconf 87' lang='lat' dir='ltr'>subest</span> <span class='ocrx_word' id='word_1_255' title='bbox 1647 736 1781 774; x_wconf 61' lang='lat' dir='ltr'>vulne*-</span> 
     </span>
    </p>
   </div>
   <div class='ocr_carea' id='block_1_12' title="bbox 1042 796 1845 961">
    <p class='ocr_par' dir='ltr' id='par_1_17' title="bbox 1042 796 1845 961">
     <span class='ocr_line' id='line_1_57' title="bbox 1098 796 1845 845; baseline 0.005 -13"><span class='ocrx_word' id='word_1_256' title='bbox 1098 796 1150 833; x_wconf 86' lang='lat' dir='ltr'>ris</span> <span class='ocrx_word' id='word_1_257' title='bbox 1522 802 1585 837; x_wconf 86' lang='lat'>10,</span> <span class='ocrx_word' id='word_1_258' title='bbox 1613 798 1673 839; x_wconf 77' lang='lat'>13.</span> <span class='ocrx_word' id='word_1_259' title='bbox 1694 805 1778 845; x_wconf 86' lang='lat'>292</span> <span class='ocrx_word' id='word_1_260' title='bbox 1842 811 1845 817; x_wconf 95' lang='lat'>·</span> 
     </span>
     <span class='ocr_line' id='line_1_58' title="bbox 1042 847 1781 894; baseline -0.003 -3"><span class='ocrx_word' id='word_1_261' title='bbox 1042 850 1225 891; x_wconf 87' lang='lat' dir='ltr'>Introibit</span> <span class='ocrx_word' id='word_1_262' title='bbox 1244 849 1379 894; x_wconf 84' lang='lat' dir='ltr'>Curio,</span> <span class='ocrx_word' id='word_1_263' title='bbox 1400 855 1437 886; x_wconf 87' lang='lat' dir='ltr'>et</span> <span class='ocrx_word' id='word_1_264' title='bbox 1455 847 1586 887; x_wconf 88' lang='lat' dir='ltr'>eadem</span> <span class='ocrx_word' id='word_1_265' title='bbox 1605 851 1705 887; x_wconf 61' lang='lat' dir='ltr'>aetio</span> <span class='ocrx_word' id='word_1_266' title='bbox 1731 849 1781 889; x_wconf 82' lang='lat' dir='ltr'>de</span> 
     </span>
     <span class='ocr_line' id='line_1_59' title="bbox 1101 907 1786 961; baseline -0.007 -16"><span class='ocrx_word' id='word_1_267' title='bbox 1101 907 1309 961; x_wconf 79' lang='lat' dir='ltr'>prouinciis</span> <span class='ocrx_word' id='word_1_268' title='bbox 1585 911 1621 953; x_wconf 82' lang='lat'>8,</span> <span class='ocrx_word' id='word_1_269' title='bbox 1645 917 1678 953; x_wconf 60' lang='grc' dir='ltr'>ς,</span> <span class='ocrx_word' id='word_1_270' title='bbox 1696 919 1786 960; x_wconf 76' lang='lat'>214</span> 
     </span>
    </p>
   </div>
   <div class='ocr_carea' id='block_1_13' title="bbox 1046 959 1860 1246">
    <p class='ocr_par' dir='ltr' id='par_1_18' title="bbox 1046 959 1860 1246">
     <span class='ocr_line' id='line_1_60' title="bbox 1046 959 1784 1004; baseline -0.004 0"><span class='ocrx_word' id='word_1_271' title='bbox 1046 963 1239 1004; x_wconf 82' lang='lat' dir='ltr'>Inuaserat</span> <span class='ocrx_word' id='word_1_272' title='bbox 1265 963 1384 999; x_wconf 85' lang='lat' dir='ltr'>mirus</span> <span class='ocrx_word' id='word_1_273' title='bbox 1411 959 1523 1000; x_wconf 86' lang='lat' dir='ltr'>furor</span> <span class='ocrx_word' id='word_1_274' title='bbox 1549 976 1628 1000; x_wconf 90' lang='lat' dir='ltr'>non</span> <span class='ocrx_word' id='word_1_275' title='bbox 1660 961 1784 1004; x_wconf 89' lang='lat' dir='ltr'>solum</span> 
     </span>
     <span class='ocr_line' id='line_1_61' title="bbox 1102 1017 1854 1074; baseline -0.001 -15"><span class='ocrx_word' id='word_1_276' title='bbox 1102 1022 1299 1074; x_wconf 77' lang='lat' dir='ltr'>improbiS,</span> <span class='ocrx_word' id='word_1_277' title='bbox 1330 1017 1393 1056; x_wconf 83' lang='lat' dir='ltr'>sed</span> <span class='ocrx_word' id='word_1_278' title='bbox 1414 1020 1527 1057; x_wconf 86' lang='lat' dir='ltr'>etiam</span> <span class='ocrx_word' id='word_1_279' title='bbox 1548 1021 1606 1067; x_wconf 80' lang='lat' dir='ltr'>iis,</span> <span class='ocrx_word' id='word_1_280' title='bbox 1639 1022 1708 1072; x_wconf 88' lang='lat' dir='ltr'>qui</span> <span class='ocrx_word' id='word_1_281' title='bbox 1731 1021 1787 1061; x_wconf 87' lang='lat' dir='ltr'>di·</span> <span class='ocrx_word' id='word_1_282' title='bbox 1852 1039 1854 1042; x_wconf 54' lang='lat'>&gt;</span> 
     </span>
     <span class='ocr_line' id='line_1_62' title="bbox 1105 1077 1788 1131; baseline 0.001 -14"><span class='ocrx_word' id='word_1_283' title='bbox 1105 1090 1242 1117; x_wconf 86' lang='lat' dir='ltr'>cuntur</span> <span class='ocrx_word' id='word_1_284' title='bbox 1273 1077 1381 1121; x_wconf 84' lang='lat' dir='ltr'>boni,</span> <span class='ocrx_word' id='word_1_285' title='bbox 1406 1087 1447 1115; x_wconf 88' lang='lat' dir='ltr'>vt</span> <span class='ocrx_word' id='word_1_286' title='bbox 1477 1089 1647 1128; x_wconf 87' lang='lat' dir='ltr'>pugnare</span> <span class='ocrx_word' id='word_1_287' title='bbox 1676 1091 1788 1131; x_wconf 90' lang='lat' dir='ltr'>cupe-</span> 
     </span>
     <span class='ocr_line' id='line_1_63' title="bbox 1103 1133 1791 1185; baseline 0.001 -11"><span class='ocrx_word' id='word_1_288' title='bbox 1103 1146 1187 1174; x_wconf 86' lang='lat' dir='ltr'>rent</span> <span class='ocrx_word' id='word_1_289' title='bbox 1226 1136 1290 1179; x_wconf 89' lang='lat'>16,</span> <span class='ocrx_word' id='word_1_290' title='bbox 1313 1145 1378 1178; x_wconf 87' lang='lat'>12,</span> <span class='ocrx_word' id='word_1_291' title='bbox 1398 1139 1493 1185; x_wconf 78' lang='lat'>489.</span> <span class='ocrx_word' id='word_1_292' title='bbox 1534 1133 1715 1173; x_wconf 83' lang='lat' dir='ltr'>inuadere</span> <span class='ocrx_word' id='word_1_293' title='bbox 1748 1138 1791 1175; x_wconf 87' lang='lat' dir='ltr'>in</span> 
     </span>
     <span class='ocr_line' id='line_1_64' title="bbox 1104 1189 1860 1246; baseline -0.004 -15"><span class='ocrx_word' id='word_1_294' title='bbox 1104 1206 1228 1231; x_wconf 85' lang='lat' dir='ltr'>arcem</span> <span class='ocrx_word' id='word_1_295' title='bbox 1247 1189 1349 1228; x_wconf 83' lang='lat' dir='ltr'>illius</span> <span class='ocrx_word' id='word_1_296' title='bbox 1369 1192 1512 1228; x_wconf 74' lang='lat' dir='ltr'>caui-lae</span> <span class='ocrx_word' id='word_1_297' title='bbox 1609 1202 1646 1238; x_wconf 91' lang='lat'>1,</span> <span class='ocrx_word' id='word_1_298' title='bbox 1668 1203 1708 1244; x_wconf 91' lang='lat'>9,</span> <span class='ocrx_word' id='word_1_299' title='bbox 1735 1204 1789 1246; x_wconf 89' lang='lat'>17</span> <span class='ocrx_word' id='word_1_300' title='bbox 1851 1233 1860 1237; x_wconf 49' lang='grc'>,</span> 
     </span>
    </p>
   </div>
   <div class='ocr_carea' id='block_1_14' title="bbox 1049 1259 1881 2074">
    <p class='ocr_par' dir='ltr' id='par_1_19' title="bbox 1049 1259 1864 1541">
     <span class='ocr_line' id='line_1_65' title="bbox 1049 1259 1792 1304; baseline 0 0"><span class='ocrx_word' id='word_1_301' title='bbox 1049 1265 1204 1304; x_wconf 85' lang='lat' dir='ltr'>Inuenit</span> <span class='ocrx_word' id='word_1_302' title='bbox 1241 1259 1351 1299; x_wconf 61' lang='lat' dir='ltr'>facile</span> <span class='ocrx_word' id='word_1_303' title='bbox 1386 1262 1668 1302; x_wconf 65' lang='lat' dir='ltr'>obtreaatores·</span> <span class='ocrx_word' id='word_1_304' title='bbox 1707 1278 1792 1304; x_wconf 88' lang='lat' dir='ltr'>mea</span> 
     </span>
     <span class='ocr_line' id='line_1_66' title="bbox 1110 1320 1862 1375; baseline 0.003 -16"><span class='ocrx_word' id='word_1_305' title='bbox 1110 1320 1264 1360; x_wconf 73' lang='lat' dir='ltr'>fortuna</span> <span class='ocrx_word' id='word_1_306' title='bbox 1587 1331 1624 1371; x_wconf 84' lang='lat'>5,</span> <span class='ocrx_word' id='word_1_307' title='bbox 1648 1332 1687 1372; x_wconf 86' lang='lat'>9,</span> <span class='ocrx_word' id='word_1_308' title='bbox 1712 1332 1799 1375; x_wconf 51' lang='lat'>¹15⁷</span> <span class='ocrx_word' id='word_1_309' title='bbox 1859 1361 1862 1370; x_wconf 82' lang='grc'>,</span> 
     </span>
     <span class='ocr_line' id='line_1_67' title="bbox 1053 1377 1863 1432; baseline -0.006 -15"><span class='ocrx_word' id='word_1_310' title='bbox 1053 1377 1205 1417; x_wconf 75' lang='lat' dir='ltr'>Inuidia</span> <span class='ocrx_word' id='word_1_311' title='bbox 1235 1388 1411 1413; x_wconf 82' lang='lat' dir='ltr'>annonae</span> <span class='ocrx_word' id='word_1_312' title='bbox 1579 1388 1616 1428; x_wconf 78' lang='grc' dir='ltr'>ς,</span> <span class='ocrx_word' id='word_1_313' title='bbox 1631 1388 1696 1427; x_wconf 90' lang='lat'>17,</span> <span class='ocrx_word' id='word_1_314' title='bbox 1713 1388 1793 1432; x_wconf 83' lang='lat'>129</span> <span class='ocrx_word' id='word_1_315' title='bbox 1859 1414 1863 1430; x_wconf 14' lang='grc' dir='ltr'>,Ἰ</span> 
     </span>
     <span class='ocr_line' id='line_1_68' title="bbox 1055 1431 1864 1489; baseline 0.002 -16"><span class='ocrx_word' id='word_1_316' title='bbox 1055 1432 1270 1473; x_wconf 72' lang='lat' dir='ltr'>Inuidiosus</span> <span class='ocrx_word' id='word_1_317' title='bbox 1292 1446 1313 1469; x_wconf 89' lang='lat' dir='ltr'>a</span> <span class='ocrx_word' id='word_1_318' title='bbox 1333 1431 1529 1485; x_wconf 81' lang='lat' dir='ltr'>superlore</span> <span class='ocrx_word' id='word_1_319' title='bbox 1561 1436 1639 1472; x_wconf 83' lang='lat' dir='ltr'>vita</span> <span class='ocrx_word' id='word_1_320' title='bbox 1671 1440 1706 1481; x_wconf 78' lang='grc'>3,</span> <span class='ocrx_word' id='word_1_321' title='bbox 1727 1447 1796 1489; x_wconf 78' lang='lat'>14.</span> <span class='ocrx_word' id='word_1_322' title='bbox 1860 1442 1864 1462; x_wconf 76' lang='lat'>³</span> 
     </span>
     <span class='ocr_line' id='line_1_69' title="bbox 1714 1504 1797 1541; baseline 0 -7"><span class='ocrx_word' id='word_1_323' title='bbox 1714 1504 1797 1541; x_wconf 89' lang='lat'>230</span> 
     </span>
    </p>

    <p class='ocr_par' dir='ltr' id='par_1_20' title="bbox 1059 1543 1881 2002">
     <span class='ocr_line' id='line_1_70' title="bbox 1059 1543 1855 1597; baseline -0.004 -9"><span class='ocrx_word' id='word_1_324' title='bbox 1059 1548 1200 1588; x_wconf 79' lang='lat' dir='ltr'>Inuito.</span> <span class='ocrx_word' id='word_1_325' title='bbox 1253 1546 1422 1583; x_wconf 74' lang='lat' dir='ltr'>inuitare</span> <span class='ocrx_word' id='word_1_326' title='bbox 1451 1543 1618 1597; x_wconf 82' lang='lat' dir='ltr'>aliquem</span> <span class='ocrx_word' id='word_1_327' title='bbox 1657 1546 1704 1585; x_wconf 85' lang='lat' dir='ltr'>ad</span> <span class='ocrx_word' id='word_1_328' title='bbox 1741 1564 1800 1590; x_wconf 84' lang='lat' dir='ltr'>ce.</span> <span class='ocrx_word' id='word_1_329' title='bbox 1854 1566 1855 1569; x_wconf 43' lang='lat'>¹</span> 
     </span>
     <span class='ocr_line' id='line_1_71' title="bbox 1112 1603 1801 1655; baseline -0.004 -13"><span class='ocrx_word' id='word_1_330' title='bbox 1112 1617 1198 1642; x_wconf 82' lang='lat' dir='ltr'>nam</span> <span class='ocrx_word' id='word_1_331' title='bbox 1225 1614 1264 1652; x_wconf 83' lang='lat'>7,</span> <span class='ocrx_word' id='word_1_332' title='bbox 1285 1614 1325 1655; x_wconf 84' lang='lat'>9,</span> <span class='ocrx_word' id='word_1_333' title='bbox 1348 1609 1440 1650; x_wconf 75' lang='lat'>181.</span> <span class='ocrx_word' id='word_1_334' title='bbox 1468 1603 1645 1642; x_wconf 79' lang='lat' dir='ltr'>Inuitare</span> <span class='ocrx_word' id='word_1_335' title='bbox 1665 1606 1718 1642; x_wconf 79' lang='lat' dir='ltr'>ad</span> <span class='ocrx_word' id='word_1_336' title='bbox 1743 1609 1801 1648; x_wconf 75' lang='lat' dir='ltr'>vi.</span> 
     </span>
     <span class='ocr_line' id='line_1_72' title="bbox 1117 1657 1803 1712; baseline -0.003 -13"><span class='ocrx_word' id='word_1_337' title='bbox 1117 1659 1293 1700; x_wconf 54' lang='lat' dir='ltr'>venai-um.</span> <span class='ocrx_word' id='word_1_338' title='bbox 1380 1659 1484 1707; x_wconf 63' lang='lat' dir='ltr'>Quid</span> <span class='ocrx_word' id='word_1_339' title='bbox 1503 1657 1598 1705; x_wconf 80' lang='lat' dir='ltr'>fuit,</span> <span class='ocrx_word' id='word_1_340' title='bbox 1630 1662 1733 1712; x_wconf 88' lang='lat' dir='ltr'>quod</span> <span class='ocrx_word' id='word_1_341' title='bbox 1756 1663 1803 1703; x_wconf 82' lang='lat' dir='ltr'>il.</span> 
     </span>
     <span class='ocr_line' id='line_1_73' title="bbox 1118 1715 1803 1768; baseline 0.003 -12"><span class='ocrx_word' id='word_1_342' title='bbox 1118 1717 1193 1757; x_wconf 87' lang='lat' dir='ltr'>lam</span> <span class='ocrx_word' id='word_1_343' title='bbox 1217 1718 1289 1755; x_wconf 89' lang='lat' dir='ltr'>hoc</span> <span class='ocrx_word' id='word_1_344' title='bbox 1319 1727 1491 1768; x_wconf 86' lang='lat' dir='ltr'>tempore</span> <span class='ocrx_word' id='word_1_345' title='bbox 1523 1715 1570 1754; x_wconf 89' lang='lat' dir='ltr'>ad</span> <span class='ocrx_word' id='word_1_346' title='bbox 1592 1719 1803 1761; x_wconf 85' lang='lat' dir='ltr'>viuendum</span> 
     </span>
     <span class='ocr_line' id='line_1_74' title="bbox 1117 1774 1804 1830; baseline 0.003 -17"><span class='ocrx_word' id='word_1_347' title='bbox 1117 1788 1350 1827; x_wconf 74' lang='lat' dir='ltr'>magnopere</span> <span class='ocrx_word' id='word_1_348' title='bbox 1387 1774 1552 1812; x_wconf 85' lang='lat' dir='ltr'>inuitare</span> <span class='ocrx_word' id='word_1_349' title='bbox 1583 1774 1729 1826; x_wconf 69' lang='lat' dir='ltr'>posset?</span> <span class='ocrx_word' id='word_1_350' title='bbox 1761 1789 1804 1830; x_wconf 74' lang='lat'>4,</span> 
     </span>
     <span class='ocr_line' id='line_1_75' title="bbox 1122 1828 1806 1888; baseline 0.012 -21"><span class='ocrx_word' id='word_1_351' title='bbox 1122 1843 1161 1884; x_wconf 86' lang='lat'>5,</span> <span class='ocrx_word' id='word_1_352' title='bbox 1182 1838 1245 1880; x_wconf 74' lang='lat' dir='ltr'>gg.</span> <span class='ocrx_word' id='word_1_353' title='bbox 1275 1832 1439 1869; x_wconf 83' lang='lat' dir='ltr'>inuitare</span> <span class='ocrx_word' id='word_1_354' title='bbox 1458 1828 1624 1882; x_wconf 87' lang='lat' dir='ltr'>aliquem</span> <span class='ocrx_word' id='word_1_355' title='bbox 1645 1833 1691 1871; x_wconf 82' lang='lat' dir='ltr'>ad</span> <span class='ocrx_word' id='word_1_356' title='bbox 1713 1849 1806 1888; x_wconf 89' lang='lat' dir='ltr'>epu-</span> 
     </span>
     <span class='ocr_line' id='line_1_76' title="bbox 1121 1888 1881 1945; baseline 0.008 -19"><span class='ocrx_word' id='word_1_357' title='bbox 1121 1888 1175 1927; x_wconf 86' lang='lat' dir='ltr'>las</span> <span class='ocrx_word' id='word_1_358' title='bbox 1202 1901 1264 1934; x_wconf 90' lang='grc'>10,</span> <span class='ocrx_word' id='word_1_359' title='bbox 1296 1894 1363 1936; x_wconf 78' lang='lat'>28,</span> <span class='ocrx_word' id='word_1_360' title='bbox 1394 1899 1487 1940; x_wconf 78' lang='lat'>304.</span> <span class='ocrx_word' id='word_1_361' title='bbox 1532 1889 1696 1928; x_wconf 73' lang='lat' dir='ltr'>inuitatu</span> <span class='ocrx_word' id='word_1_362' title='bbox 1734 1902 1804 1931; x_wconf 91' lang='lat' dir='ltr'>tuo</span> <span class='ocrx_word' id='word_1_363' title='bbox 1859 1890 1881 1945; x_wconf 46' lang='grc' dir='ltr'><strong>ᾗ</strong></span> 
     </span>
     <span class='ocr_line' id='line_1_77' title="bbox 1615 1957 1843 2002; baseline -0.004 -2"><span class='ocrx_word' id='word_1_364' title='bbox 1615 1959 1658 2000; x_wconf 70' lang='lat'>7³</span> <span class='ocrx_word' id='word_1_365' title='bbox 1672 1960 1709 2000; x_wconf 73' lang='lat'>5²</span> <span class='ocrx_word' id='word_1_366' title='bbox 1725 1957 1803 2002; x_wconf 81' lang='lat'>178</span> <span class='ocrx_word' id='word_1_367' title='bbox 1840 1976 1843 1979; x_wconf 91' lang='lat'>·</span> 
     </span>
    </p>

    <p class='ocr_par' dir='ltr' id='par_1_21' title="bbox 1069 2016 1807 2074">
     <span class='ocr_line' id='line_1_78' title="bbox 1069 2016 1807 2074; baseline -0.004 -17"><span class='ocrx_word' id='word_1_368' title='bbox 1069 2018 1230 2057; x_wconf 66' lang='lat' dir='ltr'>Inuitus.</span> <span class='ocrx_word' id='word_1_369' title='bbox 1261 2016 1387 2053; x_wconf 85' lang='lat' dir='ltr'>Inuita</span> <span class='ocrx_word' id='word_1_370' title='bbox 1414 2016 1590 2054; x_wconf 85' lang='lat' dir='ltr'>Minerua</span> <span class='ocrx_word' id='word_1_371' title='bbox 1626 2030 1662 2070; x_wconf 89' lang='lat'>3,</span> <span class='ocrx_word' id='word_1_372' title='bbox 1682 2030 1718 2067; x_wconf 92' lang='lat'>1,</span> <span class='ocrx_word' id='word_1_373' title='bbox 1741 2033 1807 2074; x_wconf 70' lang='lat'>54,</span> 
     </span>
    </p>
   </div>
   <div class='ocr_carea' id='block_1_15' title="bbox 1072 2087 1811 2173">
    <p class='ocr_par' dir='ltr' id='par_1_22' title="bbox 1072 2087 1811 2173">
     <span class='ocr_line' id='line_1_79' title="bbox 1554 2087 1807 2130; baseline 0.012 -3"><span class='ocrx_word' id='word_1_374' title='bbox 1554 2087 1612 2121; x_wconf 83' lang='lat'>·2‚</span> <span class='ocrx_word' id='word_1_375' title='bbox 1634 2088 1702 2128; x_wconf 79' lang='lat'>25,</span> <span class='ocrx_word' id='word_1_376' title='bbox 1726 2089 1807 2130; x_wconf 82' lang='lat'>327</span> 
     </span>
     <span class='ocr_line' id='line_1_80' title="bbox 1072 2126 1811 2173; baseline 0.004 -3"><span class='ocrx_word' id='word_1_377' title='bbox 1072 2134 1274 2170; x_wconf 78' lang='lat' dir='ltr'>Inuocatus</span> <span class='ocrx_word' id='word_1_378' title='bbox 1294 2127 1341 2166; x_wconf 83' lang='lat' dir='ltr'>ad</span> <span class='ocrx_word' id='word_1_379' title='bbox 1364 2126 1537 2168; x_wconf 89' lang='lat' dir='ltr'>subsellia</span> <span class='ocrx_word' id='word_1_380' title='bbox 1569 2133 1625 2170; x_wconf 85' lang='lat' dir='ltr'>rei</span> <span class='ocrx_word' id='word_1_381' title='bbox 1654 2147 1811 2173; x_wconf 84' lang='lat' dir='ltr'>accurro</span> 
     </span>
    </p>
   </div>
   <div class='ocr_carea' id='block_1_16' title="bbox 1612 2194 1814 2244">
    <p class='ocr_par' dir='ltr' id='par_1_23' title="bbox 1612 2194 1814 2244">
     <span class='ocr_line' id='line_1_81' title="bbox 1612 2194 1814 2244; baseline 0 -8"><span class='ocrx_word' id='word_1_382' title='bbox 1612 2194 1647 2236; x_wconf 62' lang='lat'>8,</span> <span class='ocrx_word' id='word_1_383' title='bbox 1671 2196 1708 2237; x_wconf 81' lang='lat'>8,</span> <span class='ocrx_word' id='word_1_384' title='bbox 1727 2202 1814 2244; x_wconf 85' lang='lat'>217</span> 
     </span>
    </p>
   </div>
   <div class='ocr_carea' id='block_1_17' title="bbox 1073 2240 1486 2284">
    <p class='ocr_par' dir='ltr' id='par_1_24' title="bbox 1073 2240 1486 2284">
     <span class='ocr_line' id='line_1_82' title="bbox 1073 2240 1486 2284; baseline -0.007 0"><span class='ocrx_word' id='word_1_385' title='bbox 1073 2242 1282 2284; x_wconf 72' lang='lat' dir='ltr'>inuoluere</span> <span class='ocrx_word' id='word_1_386' title='bbox 1303 2240 1338 2280; x_wconf 89' lang='lat' dir='ltr'>se</span> <span class='ocrx_word' id='word_1_387' title='bbox 1351 2240 1486 2281; x_wconf 86' lang='lat' dir='ltr'>litteris</span> 
     </span>
    </p>
   </div>
   <div class='ocr_carea' id='block_1_18' title="bbox 1075 2251 1858 2357">
    <p class='ocr_par' dir='ltr' id='par_1_25' title="bbox 1075 2251 1858 2357">
     <span class='ocr_line' id='line_1_83' title="bbox 1594 2251 1855 2298; baseline 0.004 -9"><span class='ocrx_word' id='word_1_388' title='bbox 1594 2251 1812 2298; x_wconf 85' lang='lat'>9,20,262</span> <span class='ocrx_word' id='word_1_389' title='bbox 1854 2287 1855 2290; x_wconf 75' lang='grc'>,</span> 
     </span>
     <span class='ocr_line' id='line_1_84' title="bbox 1075 2298 1858 2357; baseline -0.017 -17"><span class='ocrx_word' id='word_1_390' title='bbox 1075 2301 1239 2340; x_wconf 77' lang='lat' dir='ltr'>Iocofius</span> <span class='ocrx_word' id='word_1_391' title='bbox 1267 2298 1429 2337; x_wconf 87' lang='lat' dir='ltr'>scribere</span> <span class='ocrx_word' id='word_1_392' title='bbox 1492 2342 1510 2353; x_wconf 33' lang='lat' dir='ltr'><strong><em>j</em></strong></span> <span class='ocrx_word' id='word_1_393' title='bbox 1597 2308 1811 2357; x_wconf 47' lang='lat'><strong>9‚24‚268</strong></span> <span class='ocrx_word' id='word_1_394' title='bbox 1854 2319 1858 2327; x_wconf 84' lang='lat'><em>.</em></span> 
     </span>
    </p>
   </div>
   <div class='ocr_carea' id='block_1_19' title="bbox 1077 2354 1881 2706">
    <p class='ocr_par' dir='ltr' id='par_1_26' title="bbox 1077 2354 1881 2479">
     <span class='ocr_line' id='line_1_85' title="bbox 1077 2354 1864 2413; baseline 0.004 -16"><span class='ocrx_word' id='word_1_395' title='bbox 1077 2361 1186 2397; x_wconf 88' lang='lat' dir='ltr'>Iocus</span> <span class='ocrx_word' id='word_1_396' title='bbox 1207 2371 1283 2395; x_wconf 88' lang='lat' dir='ltr'>non</span> <span class='ocrx_word' id='word_1_397' title='bbox 1312 2357 1362 2394; x_wconf 81' lang='lat' dir='ltr'>est</span> <span class='ocrx_word' id='word_1_398' title='bbox 1384 2354 1570 2394; x_wconf 70' lang='lat' dir='ltr'>seiun&amp;us</span> <span class='ocrx_word' id='word_1_399' title='bbox 1602 2372 1623 2396; x_wconf 88' lang='lat' dir='ltr'>a</span> <span class='ocrx_word' id='word_1_400' title='bbox 1651 2360 1819 2413; x_wconf 87' lang='lat' dir='ltr'>philolo·</span> <span class='ocrx_word' id='word_1_401' title='bbox 1861 2366 1864 2372; x_wconf 94' lang='lat'>&#39;</span> 
     </span>
     <span class='ocr_line' id='line_1_86' title="bbox 1134 2412 1881 2479; baseline -0.004 -26"><span class='ocrx_word' id='word_1_402' title='bbox 1134 2416 1207 2464; x_wconf 73' lang='lat' dir='ltr'>gia,</span> <span class='ocrx_word' id='word_1_403' title='bbox 1227 2425 1263 2452; x_wconf 90' lang='lat' dir='ltr'>et</span> <span class='ocrx_word' id='word_1_404' title='bbox 1282 2412 1504 2466; x_wconf 89' lang='lat' dir='ltr'>quotidiana</span> <span class='ocrx_word' id='word_1_405' title='bbox 1534 2415 1721 2463; x_wconf 53' lang='lat' dir='ltr'>cvssnrn&#39;eec</span> <span class='ocrx_word' id='word_1_406' title='bbox 1755 2421 1820 2468; x_wconf 67' lang='lat'>16,</span> <span class='ocrx_word' id='word_1_407' title='bbox 1862 2442 1881 2479; x_wconf 37' lang='grc' dir='ltr'><em>ᾖ</em></span> 
     </span>
    </p>

    <p class='ocr_par' dir='ltr' id='par_1_27' title="bbox 1078 2477 1881 2656">
     <span class='ocr_line' id='line_1_87' title="bbox 1154 2477 1881 2550; baseline -0.001 0"><span class='ocrx_word' id='word_1_408' title='bbox 1154 2542 1163 2550; x_wconf 96' lang='grc'><strong><em>.</em></strong></span> <span class='ocrx_word' id='word_1_409' title='bbox 1193 2542 1199 2548; x_wconf 93' lang='grc'><em>.</em></span> <span class='ocrx_word' id='word_1_410' title='bbox 1282 2541 1290 2549; x_wconf 90' lang='grc'><em>.</em></span> <span class='ocrx_word' id='word_1_411' title='bbox 1325 2542 1334 2549; x_wconf 93' lang='grc'><em>.</em></span> <span class='ocrx_word' id='word_1_412' title='bbox 1555 2544 1562 2550; x_wconf 88' lang='grc'><strong>.</strong></span> <span class='ocrx_word' id='word_1_413' title='bbox 1647 2485 1822 2532; x_wconf 61' lang='lat'>21’4972</span> <span class='ocrx_word' id='word_1_414' title='bbox 1863 2477 1881 2549; x_wconf 67' lang='lat' dir='ltr'>l</span> 
     </span>
     <span class='ocr_line' id='line_1_88' title="bbox 1078 2541 1881 2623; baseline 0.002 -43"><span class='ocrx_word' id='word_1_415' title='bbox 1078 2543 1166 2581; x_wconf 79' lang='lat' dir='ltr'>Ioui</span> <span class='ocrx_word' id='word_1_416' title='bbox 1191 2541 1256 2592; x_wconf 52' lang='lat' dir='ltr'>*psi</span> <span class='ocrx_word' id='word_1_417' title='bbox 1280 2554 1436 2593; x_wconf 74' lang='lat' dir='ltr'>iniquus</span> <span class='ocrx_word' id='word_1_418' title='bbox 1459 2541 1640 2607; x_wconf 70' lang='lat' dir='ltr'>Sex-mlius</span> <span class='ocrx_word' id='word_1_419' title='bbox 1666 2557 1730 2593; x_wconf 88' lang='lat'>10,</span> <span class='ocrx_word' id='word_1_420' title='bbox 1757 2559 1822 2598; x_wconf 80' lang='lat'>12,</span> <span class='ocrx_word' id='word_1_421' title='bbox 1864 2551 1881 2623; x_wconf 49' lang='grc' dir='ltr'>ἑ</span> 
     </span>
     <span class='ocr_line' id='line_1_89' title="bbox 1137 2595 1881 2656; baseline 0 -17"><span class='ocrx_word' id='word_1_422' title='bbox 1137 2596 1230 2646; x_wconf 79' lang='lat'>286.</span> <span class='ocrx_word' id='word_1_423' title='bbox 1261 2599 1396 2637; x_wconf 77' lang='lat' dir='ltr'>Iouem</span> <span class='ocrx_word' id='word_1_424' title='bbox 1430 2595 1594 2651; x_wconf 73' lang='lat' dir='ltr'>lapidem</span> <span class='ocrx_word' id='word_1_425' title='bbox 1623 2603 1751 2642; x_wconf 86' lang='lat' dir='ltr'>iurare</span> <span class='ocrx_word' id='word_1_426' title='bbox 1778 2616 1821 2656; x_wconf 83' lang='lat'>7,</span> <span class='ocrx_word' id='word_1_427' title='bbox 1861 2615 1881 2639; x_wconf 60' lang='lat'>‘1</span> 
     </span>
    </p>

    <p class='ocr_par' dir='ltr' id='par_1_28' title="bbox 1874 2684 1881 2706">
     <span class='ocr_line' id='line_1_90' title="bbox 1874 2684 1881 2706; baseline 0 0"><span class='ocrx_word' id='word_1_428' title='bbox 1874 2684 1881 2706; x_wconf 74' lang='lat' dir='ltr'>l</span> 
     </span>
    </p>
   </div>
   <div class='ocr_carea' id='block_1_20' title="bbox 1862 2628 1881 2682">
    <p class='ocr_par' dir='ltr' id='par_1_29' title="bbox 1862 2628 1881 2682">
     <span class='ocr_line' id='line_1_91' title="bbox 1862 2628 1881 2682; baseline 0 0"><span class='ocrx_word' id='word_1_429' title='bbox 1862 2628 1881 2682; x_wconf 61' lang='lat' dir='ltr'>’l</span> 
     </span>
    </p>
   </div>
   <div class='ocr_carea' id='block_1_21' title="bbox 1083 2669 1825 2768">
    <p class='ocr_par' dir='ltr' id='par_1_30' title="bbox 1083 2669 1878 2775">
     <span class='ocr_line' id='line_1_92' title="bbox 1083 2669 1825 2768; baseline 0.008 -15"><span class='ocrx_word' id='word_1_430' title='bbox 1083 2710 1177 2768; x_wconf 69' lang='lat' dir='ltr'>Il&#39;ft’·</span> <span class='ocrx_word' id='word_1_431' title='bbox 1203 2713 1341 2752; x_wconf 86' lang='lat' dir='ltr'>Decem</span> <span class='ocrx_word' id='word_1_432' title='bbox 1360 2708 1463 2766; x_wconf 83' lang='lat' dir='ltr'>ipsos</span> <span class='ocrx_word' id='word_1_433' title='bbox 1482 2711 1560 2752; x_wconf 87' lang='lat' dir='ltr'>dies</span> <span class='ocrx_word' id='word_1_434' title='bbox 1571 2669 1825 2759; x_wconf 49' lang='lat' dir='ltr'>Athgri’i&#39;slffiit</span> 
     </span>
    </p>
   </div>
   <div class='ocr_carea' id='block_1_22' title="bbox 1650 2780 1825 2874">
    <p class='ocr_par' dir='ltr' id='par_1_31' title="bbox 1650 2780 1825 2874">
     <span class='ocr_line' id='line_1_93' title="bbox 1650 2780 1821 2829; baseline -0.023 1"><span class='ocrx_word' id='word_1_435' title='bbox 1650 2786 1690 2823; x_wconf 75' lang='lat'>²²</span> <span class='ocrx_word' id='word_1_436' title='bbox 1710 2780 1746 2823; x_wconf 72' lang='lat'>82</span> <span class='ocrx_word' id='word_1_437' title='bbox 1771 2783 1821 2829; x_wconf 70' lang='lat'>38</span> 
     </span>
     <span class='ocr_line' id='line_1_94' title="bbox 1708 2832 1825 2874; baseline 0.026 -3"><span class='ocrx_word' id='word_1_438' title='bbox 1708 2832 1825 2874; x_wconf 76' lang='lat' dir='ltr'>Irati.</span> 
     </span>
    </p>
   </div>
   <div class='ocr_carea' id='block_1_23' title="bbox 1823 0 1881 2442">
    <p class='ocr_par' dir='ltr' id='par_1_32' title="bbox 1823 0 1881 2442">
     <span class='ocr_line' id='line_1_95' title="bbox 1823 0 1881 2442; baseline 0 0"><span class='ocrx_word' id='word_1_439' title='bbox 1823 0 1881 2442; x_wconf 95' lang='lat' dir='ltr'> </span> 
     </span>
    </p>
   </div>
   <div class='ocr_carea' id='block_1_24' title="bbox 1860 2855 1881 3119">
    <p class='ocr_par' dir='ltr' id='par_1_33' title="bbox 1860 2855 1881 3119">
     <span class='ocr_line' id='line_1_96' title="bbox 1860 2855 1881 3119; textangle 90"><span class='ocrx_word' id='word_1_440' title='bbox 1864 3017 1881 3119; x_wconf 49' lang='grc' dir='ltr'>·Ᾰδ’·’5“</span> <span class='ocrx_word' id='word_1_441' title='bbox 1860 2938 1881 2986; x_wconf 34' lang='lat'>⁴⁴-&#39;</span> <span class='ocrx_word' id='word_1_442' title='bbox 1870 2909 1873 2913; x_wconf 55' lang='lat'>⁵</span> <span class='ocrx_word' id='word_1_443' title='bbox 1877 2855 1881 2880; x_wconf 83' lang='grc'>..-</span> 
     </span>
    </p>
   </div>
  </div>
 </body>
</html>
