1881 3173
575 167 647 209 IN
672 168 789 210 CIC.
827 166 1023 211 EPIST.
1052 166 1188 207 FAM.

158 278 314 336 8‚'351.
343 279 483 337 maiori
495 279 590 321 odio
612 282 664 321 est
682 282 842 329 ciuitati,

152 353 266 393 quam
317 338 505 377 Antonius
553 348 619 386 12,
654 348 718 386 10,
747 350 840 392 352.

149 395 276 436 Planci
322 394 529 434 aduentum
565 397 739 449 captabat
773 407 839 442 10,

148 465 217 505 23,
240 457 336 505 293.
367 449 405 490 se
433 465 517 492 cum
548 453 722 492 Antonio
750 466 840 491 con-

147 511 274 557 iungit
318 506 411 547 ibid.
469 505 694 562 spoliatum,
738 510 841 548 iner-

147 580 261 610 mem,
307 563 515 613 fugientem
539 568 685 620 recepit
720 568 836 605 Anto·

145 625 254 662 nium
296 633 355 668 12,
392 632 452 666 10,
483 632 578 676 353.
633 621 730 677 prid.
758 621 836 662 Kal.

146 679 304 728 Qun&
330 676 524 718 sententiis
561 681 740 719 omnibus
767 680 837 718 ho-

145 738 208 776 stis
226 734 412 774 iudicatus
445 749 466 774 a
497 734 628 775 senatu
661 737 712 775 est
741 734 834 776 ibid.

146 806 243 848 352.
273 791 408 846 Lepidi
428 801 463 832 et
486 793 603 832 Asinii
624 792 777 840 multae,
798 802 835 831 et

142 851 283 895 bonae,
305 861 342 888 et
362 850 494 888 firmae
516 847 684 899 legiones
714 860 772 896 11,
793 861 832 902 9,

101 907 242 960 “324.
274 905 409 959 Lepidi
437 905 585 946 litterae
616 905 776 955 frigidae
797 915 835 944 et

142 964 397 1003 inconstantes
422 974 485 1007 10,
510 966 572 1006 16.
593 969 690 1016 289.
724 964 835 1016 Lepi-

144 1020 184 1059 di
215 1022 372 1073 perfidia
412 1029 449 1058 ct
487 1019 622 1060 leuitas
662 1031 722 1067 ιο,
765 1030 835 1067 21,

144 1089 241 1130 294.
261 1088 357 1129 295.
388 1075 519 1126 scelus,
541 1076 688 1123 leuium,
719 1085 755 1115 et
781 1079 838 1115 in-

145 1135 353 1173 constantia
378 1145 442 1180 12,
466 1140 504 1182 8,
528 1145 621 1187 351.
650 1131 838 1186 Lepidum

146 1206 228 1230 non
254 1202 335 1230 erat
355 1191 559 1229 verifimile
583 1193 622 1229 in
658 1189 838 1243 optatissi-

145 1263 206 1288 ma
225 1262 316 1302 pace
335 1245 478 1286 bellum
509 1244 742 1300 reipublicae
781 1249 839 1284 in·

145 1306 353 1351 diei-urum,
372 1305 439 1356 qui
472 1305 511 1342 in
537 1305 704 1342 maximo
731 1301 837 1342 bello

146 1375 277 1416 pacem
310 1360 346 1399 se
376 1358 474 1399 velle
498 1358 645 1399 dixiss'et
676 1369 741 1407 11,
770 1365 835 1407 18,

146 1431 243 1473 332.
296 1416 484 1471 Lepidum
514 1419 619 1457 red'te
643 1415 834 1456 saetarum

143 1488 366 1528 numquam,
386 1477 505 1514 Bruto
525 1472 835 1527 persuasis-'limum

143 1543 226 1573 erat
255 1544 319 1578 11,
341 1543 377 1584 9.
407 1542 500 1584 324.
564 1529 714 1583 Lepido
745 1544 834 1569 con-

143 1591 323 1629 cionante
399 1587 538 1626 milites
623 1585 834 1626 conclama-

143 1656 256 1692 runt,
286 1658 416 1698 pacem
461 1643 496 1683 se
526 1641 650 1691 velle,
709 1657 834 1697 neque

144 1702 217 1743 ess'e
249 1716 332 1741 cum
361 1699 448 1741 vnis
486 1710 722 1755 pugnaturos
767 1712 834 1750 10,

662 1768 712 1799 21
748 1769 834 1810 295

87 1831 260 1873 Leuatio.
323 1828 456 1868 Maior
485 1826 579 1867 mihi
605 1825 748 1867 leuatio
781 1826 834 1867 as-

142 1888 237 1928 ferri
272 1884 378 1925 nulla
406 1886 554 1938 potest,
595 1898 708 1937 quain
745 1898 832 1924 con-

143 1945 292 1985 iun6’do
339 1941 637 1989 consuetudinis,
693 1940 833 1980 sermo·

144 2014 313 2053 numque
337 2000 556 2038 nostrorum
649 2009 687 2046 4,
714 2001 749 2046 6,
775 2008 825 2050 91

86 2070 298 2115 Leuidense
319 2067 584 2110 munusculum
616 2079 656 2122 9,
670 2081 734 2116 12,
746 2081 831 2121 249

85 2130 286 2171 Leuissime
334 2129 442 2180 (Ern.
490 2125 692 2176 leniffime)
730 2126 831 2164 ferre

140 2188 321 2227 iniuriam
599 2195 636 2236 5,
659 2189 724 2231 18,
749 2193 825 2234 131

89 2259 253 2302 Leuitas.
313 2256 445 2295 Tanta
475 2255 526 2294 est
560 2256 602 2293 in
636 2252 829 2308 plerisque

143 2314 291 2361 leuitas,
309 2324 351 2351 vt
369 2326 436 2352 eos
460 2325 538 2351 non
559 2321 634 2351 tam
657 2312 828 2349 constan-

144 2375 198 2412 tia
219 2373 259 2410 in
281 2368 477 2423 republica
505 2369 631 2408 nostra
652 2367 827 2414 delectet,

144 2442 258 2483 quam
297 2425 478 2482 splendor
519 2424 690 2466 offendat
732 2436 828 2477 1‚7,

682 2492 828 2523 11.12

86 2562 201 2603 Leno.
232 2561 353 2599 Leuat
400 2552 576 2594 dolorem
613 2554 828 2592 communis

145 2617 253 2671 quafi-
285 2615 377 2664 legis
405 2622 443 2652 et
472 2611 660 2650 humanae
701 2608 827 2648 condi-

143 2675 261 2715 tionis
281 2669 497 2712 recordatio
526 2671 566 2714 6,
590 2670 626 2713 6,
652 2676 745 2719 151.
779 2664 826 2705 le·

143 2739 284 2772 varunt
301 2742 363 2767 me
378 2724 547 2765 molestia
558 2723 706 2763 litterae
727 2734 827 2769 tuae,

145 2788 289 2828 vtinam
318 2785 479 2824 omnino
509 2779 727 2820 liberassent
764 2783 826 2826 16,

143 2857 185 2900 9,
203 2846 302 2899 486.
335 2839 420 2882 leua
445 2838 613 2888 mehoe
640 2850 758 2879 onere
789 2847 826 2890 3,

960 291 1026 328 12,
1045 286 1114 334 78.
1178 278 1308 319 leuare
1327 280 1497 320 animum
1530 279 1651 320 inole-

955 339 1032 376 stiis
1062 335 1164 376 nulla
1193 350 1251 376 res
1286 335 1357 375 alia
1390 340 1510 388 potest
1540 351 1567 389 4
1606 352 1649 391 4,

956 397 1021 442 86.
1053 393 1181 434 leuare
1215 394 1376 433 alterum
1402 397 1643 442 aegritudine

954 453 1187 500 cogitatione
1220 465 1348 490 rerum
1393 453 1504 503 {plius
1537 465 1644 504 prac-

954 506 1054 547 elare
1083 510 1267 558 gestarum
1295 521 1332 561 5,
1357 519 1421 560 13,
1448 521 1539 560 124.
1595 510 1645 547 le-

951 578 1043 605 vare
1077 580 1205 605 curam
1236 578 1301 619 15,
1326 577 1391 618 15,
1411 577 1508 617 471.
1537 565 1643 604 leua-

950 636 994 662 re
1015 621 1188 662 dolorem
1232 624 1256 661 fi
1287 625 1412 660 minus
1444 622 1575 661 sanare
1603 634 1643 676 5,

954 682 1020 726 16,
1048 691 1136 733 127.
1194 678 1324 718 leuare
1345 678 1539 718 fortunam
1573 681 1642 718 ali-

949 738 1056 774 cuius
1071 748 1109 788 5,
1134 748 1193 788 27,
1220 748 1312 788 130.
1344 736 1470 776 leuare
1494 734 1643 779 luftum

950 791 1113 845 possunt,
1137 806 1234 845 quae
1255 792 1421 846 scriplisti
1452 806 1490 846 4,
1512 795 1550 839 6,
1571 804 1641 845 90.

950 848 1080 888 leuare
1102 850 1289 888 molestias
1311 863 1339 902 4
1369 863 1403 902 3,
1424 856 1487 903 84.
1518 850 1643 889 leuari

949 910 1135 955 grauitate
1163 906 1391 946 valetudims
1421 910 1459 953 6,
1480 919 1520 953 2,
1547 918 1639 959 141.

950 962 1072 1002 leuari
1102 978 1161 1001 me
1183 965 1361 1017 putabam
1396 963 1564 1002 molestia
1601 976 1641 1016 3,

946 1023 990 1067 ⁷6,
1013 1024 1076 1063 60*
1118 1019 1237 1060 leuari
1264 1020 1428 1074 possent>
1448 1020 1643 1059 molestiae

951 1087 1040 1116 tuae
1073 1090 1114 1130 4,
1136 1089 1172 1129 3,
1195 1085 1260 1132 84.
1317 1077 1433 1116 leuati
1475 1091 1639 1116 maxima
1662 1125 1665 1128 ῃ

951 1131 1163 1173 calamitate
1406 1147 1443 1186 5,
1467 1147 1534 1180 20,
1559 1146 1643 1187 134

893 1205 973 1244 Lex
995 1203 1231 1243 alimentaria
1259 1210 1295 1251 3,
1316 1206 1354 1250 6,
1375 1216 1471 1255 215.
1559 1205 1644 1243 Lex

955 1262 1145 1301 Cornelia.
1172 1262 1311 1300 Cenlui
1337 1260 1504 1313 litulptus
1527 1275 1643 1312 quaxn

951 1319 1116 1358 maxime
1131 1317 1177 1356 ad
1199 1318 1319 1367 legem
1336 1317 1556 1356 (omeliam
1577 1319 1643 1356 ‹le-

951 1374 1163 1414 cernendos
1196 1388 1230 1428 3,
1268 1386 1319 1414 10
1350 1386 1419 1427 72.
1459 1374 1517 1413 lex
1543 1374 1641 1414 iulia

951 1445 992 1478 2,
1018 1443 1083 1484 17,
1106 1439 1174 1484 48.
1234 1433 1376 1469 Licinia
1427 1438 1448 1479 3
1482 1444 1521 1478 2,
1549 1444 1640 1485 ⁷07·

950 1487 1069 1528 Plotia
1106 1492 1152 1527 <le
1180 1489 1219 1527 vi
1253 1495 1289 1535 3,
1316 1494 1466 1541 3,217.
1524 1491 1644 1542 Pupia

951 1556 988 1592 Ι,
1008 1558 1050 1599 4,
1073 1549 1110 1587 6.
1152 1547 1230 1584 Lex
1249 1547 1459 1585 &amillau
1514 1548 1641 1584 Postu-

945 1601 1101 1641 landum
1123 1608 1183 1640 me
1211 1600 1292 1651 lege
1312 1603 1499 1640 Scantinia
1530 1617 1640 1641 curn-

946 1661 1003 1699 vit
1027 1665 1063 1707 8,
1084 1670 1101 1699 1
1118 1674 1148 1706 .·,
1170 1665 1266 1706 223.
1324 1657 1383 1697 lex
1415 1661 1638 1712 Sempronia

949 1727 986 1762 1,
1006 1727 1048 1768 7,
1073 1727 1134 1769 13.
1165 1714 1223 1753 lex
1243 1714 1470 1768 sumptuaria
1499 1728 1538 1768 9,
1600 1730 1639 1770 ς,

946 1783 1044 1825 254.
1100 1773 1219 1811 viaria
1271 1779 1309 1820 3,
1336 1776 1374 1815 6,
1408 1784 1503 1824 215.
1550 1772 1634 1822 lege

948 1827 1130 1868 Cornelia
1151 1829 1290 1867 habere
1316 1831 1522 1882 imperium
1546 1841 1639 1884 1‚9‚

947 1892 1016 1934 28.
1073 1884 1153 1935 lege
1174 1885 1353 1924 Cornelia
1373 1887 1526 1934 triginta
1552 1887 1634 1926 dies

948 1944 1142 1982 constituti
1178 1942 1261 1980 sunt
1294 1943 1340 1981 ad
1375 1942 1634 1984 decedendum

950 2008 990 2049 3,
1010 2001 1049 2046 6,
1073 2003 1140 2041 60.
1192 1997 1274 2048 lege
1299 1998 1391 2038 iulia
1412 1998 1632 2052 relinquere

946 2057 1116 2097 rationes
1152 2057 1193 2095 in
1240 2058 1439 2109 prouincia
1487 2056 1634 2098 necesse

949 2122 1042 2158 erat,
1065 2113 1292 2165 easdemque
1313 2114 1472 2151 totidem
1501 2113 1632 2154 verbis

945 2168 1089 2208 referre
1122 2172 1168 2208 ad
1193 2171 1380 2208 aerarium
1408 2181 1524 2222 5,20,
1567 2170 1631 2224 33⁴„

944 2223 1046 2275 leges
1075 2227 1253 2266 historiae
1279 2224 1470 2277 negligere
1502 2238 1539 2280 ς,
1564 2238 1581 2267 Ι
1590 2240 1632 2275 2,

1547 2295 1632 2338 119

887 2348 1035 2391 Libens.
1063 2351 1330 2391 Libentissimis
1354 2355 1506 2392 Graecis
1528 2364 1627 2394 nutu

940 2407 1046 2461 quod
1098 2410 1155 2450 vis
1197 2409 1436 2462 consequeris
1472 2421 1536 2462 13,
1557 2414 1629 2463 65,

1536 2477 1625 2523 425

886 2533 1093 2577 Libentius.
1158 2538 1206 2576 At
1234 2534 1299 2575 ille
1319 2535 1508 2578 adiurans„
1535 2550 1627 2576 nus—

942 2606 1057 2646 quam
1096 2590 1132 2633 se
1168 2607 1347 2646 vmquam
1376 2592 1555 2633 libentius
1582 2603 1626 2647 9,

1451 2654 1632 2703 19‚.26<:x

886 2716 1017 2760 Liber.
1077 2721 1122 2758 In
1140 2714 1355 2758 vltiscendo
1386 2720 1498 2758 nimis
1525 2718 1624 2761 libet·
1692 2739 1695 2741 “

942 2784 1007 2822 12,
1028 2782 1096 2823 28,
1117 2788 1210 2830 375.
1249 2774 1369 2817 libera
1392 2788 1428 2815 et
1443 2777 1624 2816 immunia

939 2830 1110 2884 poffeflio
1364 2844 1380 2875 1
1394 2844 1429 2887 ς,
1449 2837 1515 2885 576⁴
1538 2845 1629 2885 43²

884 2889 1015 2946 ΜΝ,
1438 2891 1624 2939 Liberali·
