1881 3173
296 159 366 199 IN
393 160 509 200 CIC.
534 161 728 201 EPIST.
758 162 897 203 FAM.
928 164 1041 205 LIB.
1064 166 1129 204 ΧῘ.
1160 166 1443 211 EPIST.111,

90 271 168 310 sari
200 284 282 310 non
310 274 390 313 vis:
439 274 513 313 hoc
543 273 669 314 saltem
712 277 840 326 nobis,

88 341 170 366 non
194 338 386 383 tamquam
418 330 548 370 consul
582 335 840 385 praetoribus,

88 382 152 423 sed
171 395 363 438 tamquam
383 390 502 427 Bruto
521 400 557 428 et
578 390 716 433 Canio.
737 394 840 431 idest

88 443 220 481 amicis
240 447 326 491 tuis,
349 446 416 496 qui
447 456 485 485 ct
501 446 730 486 credidimus
753 450 836 495 tibi,

90 510 127 538 et
140 499 321 539 credituri
333 499 649 549 sunms‚tribuere
662 505 835 548 deberes.

91 556 196 608 quod
212 571 296 596 cum
317 572 396 596 non
413 558 550 606 facias;
581 561 745 602 concede
766 577 835 602 no-

88 613 163 662 bis,
183 624 222 652 vt
250 613 462 656 doleamus.

145 685 208 725 De
225 684 431 726 def‘eflihus
445 687 604 744 habitis]
624 690 835 732 Audieram

88 743 260 795 questum
282 743 354 782 esse
372 747 582 786 Antonium
615 748 662 786 de
683 747 836 789 deli-&i-

88 799 160 839 bus
188 801 236 840 ab
271 802 356 853 ipsis
392 802 545 853 habitis,
584 803 632 843 de
661 808 834 858 pecuniis

23 851 33 872 ⁸*
86 857 314 910 impetratis,
335 869 403 898 etc.

143 920 314 968 Nunciis
343 941 456 971 tram
475 946 584 972 mare
602 930 734 984 miffis]
775 932 849 976 Ad.

86 982 345 1025 sollicitandos
377 990 578 1035 exercitus,
611 990 834 1042 praesertim

86 1040 148 1080 sex
170 1040 338 1091 legiones
368 1045 658 1093 Macedonicas,
691 1049 832 1100 quibus

87 1101 146 1138 vti
165 1099 303 1140 Caesar
321 1103 362 1140 in
391 1103 566 1142 Partluoo
602 1102 706 1144 bello
733 1107 834 1155 cogi-

86 1166 248 1197 tauerat.

146 1228 198 1268 Te
207 1227 352 1283 sbi-iffi]
383 1232 498 1281 Qod
509 1234 660 1286 questus
682 1246 762 1272 non
776 1234 834 1282 sis,

83 1282 173 1325 licet
190 1286 342 1326 audires
361 1302 405 1327 ea
423 1289 470 1328 de
489 1291 614 1329 nobis.

142 1343 278 1400 Neque
328 1346 567 1402 agnoscimus
619 1345 833 1403 quidquam

84 1405 234 1451 eorum]
277 1403 496 1458 Agnoscere,
529 1406 580 1443 est
597 1403 732 1444 fateri:
759 1418 833 1444 non

83 1459 296 1514 agnoscere,
316 1473 467 1509 negare.
490 1459 558 1500 lib.
571 1475 611 1515 4.
623 1463 727 1515 epist.
738 1474 778 1516 4.

142 1529 236 1570 Cum
265 1529 358 1571 haec
384 1530 601 1585 reticueris]
659 1534 759 1573 Cum
786 1532 833 1572 de

86 1585 297 1627 deleaibus
326 1588 481 1635 habitis,
509 1588 673 1641 aliisque
703 1592 832 1638 rebus,

82 1645 128 1682 in
147 1658 218 1684 nos
237 1642 332 1684 falso
365 1659 523 1686 rumore
554 1645 715 1696 collatis,
739 1661 832 1701 que-

86 1701 162 1741 stus
186 1715 265 1740 non
285 1702 341 1741 fis.

141 1756 351 1810 Obiiceres]
382 1760 428 1798 In
447 1757 598 1799 litteris,

138 1814 372 1855 Concordiae
389 1831 437 1855 ac
465 1816 662 1857 libertatis·
685 1813 830 1870 cauffo]

83 1870 180 1912 Ideo
200 1873 302 1911 enim
323 1871 448 1911 abesse
467 1873 685 1928 cupiebant,
695 1888 744 1913 ne
754 1888 831 1926 qua

80 1931 126 1970 in
164 1930 258 1968 vrbe
296 1928 431 1968 seditio
462 1930 623 1985 propter
661 1930 831 1971 Caesaris

83 1997 248 2026 mortem
272 1988 541 2027 concitaretur.
571 1988 757 2028 timebant
767 2003 831 2028 au-

83 2052 160 2083 tem
186 2044 418 2097 potissimum
437 2056 652 2085 veteranos,
673 2047 777 2099 epist.
789 2059 829 2089 2.

142 2101 219 2139 Per
238 2099 423 2156 ediflum]
475 2102 608 2142 Edifm
630 2103 829 2156 proposito

83 2157 396 2207 fignificauerant,
418 2157 518 2198 velle
543 2158 580 2198 se
599 2159 724 2199 abesse
741 2174 830 2200 con·

84 2213 237 2254 cordiae
261 2229 303 2254 ae
332 2214 518 2255 libertatis
545 2215 679 2258 caussa.
712 2217 754 2256 id
777 2219 829 2257 est

82 2281 226 2319 autem,
245 2272 293 2311 de
314 2271 382 2311 suo
404 2274 488 2312 iure
517 2273 710 2314 decedere.
737 2287 827 2314 nam

83 2342 169 2367 cum
193 2338 350 2381 praetor
369 2327 467 2369 vltra
493 2330 623 2370 decem
652 2331 732 2371 dies
762 2334 826 2372 ab·

84 2386 150 2432 est,
169 2385 216 2424 de
237 2384 305 2424 suo
325 2387 410 2426 iure
430 2386 589 2427 decedit.
648 2392 732 2428 Hoc
754 2388 828 2429 effe

84 2441 251 2482 edietum
274 2445 418 2496 opi-nor
435 2443 566 2497 paullo
596 2455 684 2485 ante
704 2445 829 2485 nomi-

83 2509 228 2546 natum,
251 2500 352 2538 idem
378 2499 528 2546 scilicet,
550 2502 654 2555 quod
672 2505 714 2541 in
733 2504 827 2545 Phil.

86 2565 124 2597 1.
143 2568 221 2608 c.3.
243 2555 456 2610 appellatur
486 2559 544 2597 his
565 2561 714 2600 verbis:
746 2563 830 2604 Nec

84 2614 144 2652 ita
165 2613 284 2652 multo
303 2613 380 2666 pest
400 2615 565 2655 edic‘lnm
578 2619 695 2656 Bruti
713 2618 829 2671 affir-

84 2680 154 2709 tur
185 2681 217 2707 ct
259 2670 378 2723 Cqffii.
417 2672 522 2727 quod
557 2673 708 2728 quidum
736 2676 831 2717 mihi

81 2727 238 2779 plenum
259 2729 468 2783 aequitatis
479 2781 487 2785 -
497 2728 720 2771 videbatur.

855 2901 968 2954 Zz5

1558 179 1646 224 729.

953 279 1077 317 Arma
1097 278 1287 332 minetur]
1317 282 1368 318 Vt
1389 281 1554 319 minatus
1567 291 1648 321 erat

894 335 936 373 in
958 336 1005 373 iis
1030 333 1181 382 litteris,
1211 349 1309 388 quae
1346 336 1644 378 contumeliosae

894 393 1137 446 minacesque
1161 392 1283 432 didiae
1303 391 1399 432 fimt.

953 461 1100 515 Nobis]
1180 465 1258 512 Qui
1277 474 1480 509 tyrannum
1505 465 1644 505 occidi-

893 533 992 568 mus,
1007 531 1050 559 vt
1068 522 1234 574 patriam
1255 520 1439 562 seruitute
1464 520 1643 562 liberare-

894 591 991 616 mus.

947 650 1120 689 Litterae
1139 660 1229 689 time
1254 648 1354 690 nihil
1381 651 1639 707 proficerent]

893 707 1045 754 Quibus
1072 719 1175 744 arma
1208 708 1372 747 minatus
1405 721 1508 756 erat,
1537 711 1641 762 quasi

891 761 1015 801 abess'e
1035 762 1125 801 idco
1157 761 1315 812 vellent,
1351 775 1393 804 vt
1422 765 1565 805 bellum
1593 768 1645 805 ci-

891 818 970 859 vile
988 818 1226 858 suscitarent:
1254 821 1293 858 id
1314 823 1465 861 Hirtius
1480 837 1640 876 quoque

891 877 1040 916 timuit:
1071 878 1201 929 itaque
1233 876 1375 930 stripfit
1406 880 1452 918 ad
1483 881 1641 920 Cicero-

892 948 979 972 nem
1007 932 1073 972 lib.
1089 945 1150 981 ις.
1181 932 1368 977 εάήΑῐῐίς,
1390 938 1492 988 epist.
1514 941 1550 978 6.
1580 938 1639 976 his

891 992 1038 1030 verbis:
1069 991 1217 1030 Brutus
1242 1002 1280 1030 et
1302 991 1440 1045 Ctifflus
1469 995 1637 1042 vtinam,

890 1063 1005 1104 quam
1020 1048 1145 1100 facile
1163 1062 1187 1084 a
1212 1058 1250 1086 te
1276 1047 1324 1087 de
1344 1063 1402 1088 me
1429 1053 1640 1102 impetrare

884 1102 1045 1159 postiam,
1076 1106 1136 1144 ita
1165 1118 1233 1156 per
1259 1115 1298 1144 te
1325 1118 1562 1154 exorentur,
1590 1121 1639 1147 ne

887 1161 992 1217 quod
1007 1160 1174 1202 calidius
1194 1163 1329 1202 ineam
1341 1162 1541 1215 cotgsilium
1553 1166 1569 1203 .’
1585 1179 1643 1204 ce·

888 1219 1022 1259 dentes
1054 1221 1155 1258 cuim
1192 1218 1285 1258 haec
1328 1222 1388 1258 ais
1424 1219 1638 1275 firiplgffit:

890 1278 992 1331 quo?
1038 1288 1109 1315 aut
1133 1277 1282 1330 quare?
1329 1278 1467 1323 retine,
1489 1278 1639 1330 obsecro

888 1345 938 1380 te,
962 1332 1103 1380 Cicero,
1123 1334 1233 1372 illos:
1261 1343 1300 1371 et
1319 1334 1398 1372 noli
1403 1334 1537 1385 stin-re
1548 1334 1641 1375 haee

889 1393 1016 1429 omnin
1034 1392 1169 1442 perire,-
1196 1391 1240 1427 Et
1262 1390 1354 1428 Phil.
1371 1401 1433 1429 10.
1461 1405 1490 1429 c·
1505 1402 1546 1443 7.
1579 1389 1641 1432 Ab

889 1448 956 1487 hoe
975 1451 1100 1504 igetur
1120 1448 1320 1501 quisquam
1347 1446 1489 1486 bellum
1514 1451 1641 1496 timet,

890 1506 968 1558 qui,
987 1515 1076 1543 cante
1094 1517 1208 1557 quam
1227 1517 1295 1543 uos
1318 1501 1363 1542 id
1376 1502 1498 1543 confit
1513 1505 1640 1555 suste·

884 1564 1025 1616 pimus,
1064 1563 1106 1600 in
1139 1572 1235 1613 pace
1274 1563 1413 1607 iacere,
1446 1575 1562 1616 quam
1597 1563 1641 1601 in

890 1617 989 1658 bello
1018 1619 1162 1672 vigere,
1188 1617 1365 1656 maluit?
1393 1619 1639 1669 Quamquam

891 1677 1019 1714 oratio
1059 1672 1125 1713 illa
1173 1674 1240 1711 est*
1269 1673 1400 1711 habita
1436 1672 1639 1726 aliquanto

890 1733 987 1786 post,
1013 1742 1127 1784 quam
1147 1730 1217 1768 hae
1237 1727 1385 1768 litterae
1406 1728 1579 1783 scriptae.
1606 1766 1609 1769 .

943 1800 1168 1860 Qoquam]
1199 1800 1258 1841 Ad
1270 1798 1398 1854 ..vllam
1419 1813 1550 1841 rerum
1565 1815 1639 1843 no-

885 1872 1058 1901 vxtatem.

947 1930 1143 1972 Iudicium
1203 1929 1401 1985 nestrum]
1487 1928 1638 1970 Iudicio

888 1990 991 2029 enim
1023 1989 1167 2035 nostr0‚
1206 2002 1287 2027 non
1317 2000 1517 2026 armorum
1549 1997 1641 2026 tuo-

886 2060 975 2086 rum
993 2047 1148 2093 timore,
1170 2043 1267 2084 nihil
1295 2045 1392 2084 noui
1414 2045 1638 2093 cogitamus.

944 2102 1178 2157 Honestum]
1221 2103 1480 2141 Honoratum.
1501 2099 1569 2140 lib.
1592 2113 1635 2143 2.

886 2162 990 2214 epist.
1017 2171 1081 2212 15.
1117 2157 1318 2212 Caesarem
1347 2157 1535 2213 honestum
1567 2153 1637 2212 effi·

885 2218 1007 2272 cupio.

942 2275 1077 2331 Qum
1096 2286 1170 2312 non
1205 2269 1274 2313 diu
1300 2267 1506 2327 regnarit]
1565 2271 1641 2309 Re-

885 2335 1031 2382 gnanst,
1071 2327 1244 2370 absoluta
1289 2328 1495 2382 potestate,
1524 2324 1635 2366 nullo

886 2388 1206 2442 Pompeianarum
1228 2387 1396 2440 partium
1414 2393 1533 2431 metu,
1553 2384 1638 2437 post

886 2447 1011 2485 vie’tos
1052 2445 1093 2482 in
1121 2441 1305 2496 Hispania
1332 2441 1509 2493 Pompeii
1545 2439 1641 2480 libe-

887 2516 966 2549 τος,
987 2502 1159 2555 quinque
1177 2510 1324 2539 tantum
1340 2497 1498 2537 menses·
1520 2497 1638 2538 rediit

888 2562 992 2599 enim
1029 2558 1195 2597 Ouobri
1223 2554 1363 2595 mense.
1411 2552 1554 2593 occisus
1585 2555 1638 2593 est

887 2615 1016 2656 idibus
1041 2616 1143 2654 Mart
1187 2612 1292 2666 quod
1314 2609 1483 2652 Velleius
1506 2608 1574 2650 lib.
1597 2622 1639 2652 2.

888 2687 918 2712 e.
939 2676 1000 2719 56.
1027 2673 1124 2711 Fasti
1145 2668 1373 2725 Capitolini,
1405 2676 1443 2708 et
1469 2665 1638 2708 aliorum

887 2730 1105 2770 testimonia
1128 2727 1278 2768 docent.

1114 2831 1125 2848 N

1388 2896 1632 2938 EPISTU-
