1881 3173
155 87 241 132 622

148 199 438 257 sunnofficium
455 211 570 256 atque
583 214 740 256 operam
761 215 782 240 a
803 202 894 240 ciui-

149 260 221 301 bus
241 259 368 307 exigit.

208 311 457 365 Concedente]
504 314 605 362 Qua
631 312 752 352 libere
774 312 894 352 admi-

149 373 399 413 nistrari⁴non
426 372 568 423 potest,
601 369 694 409 ideo
723 370 896 409 concedit

151 430 278 475 nobis,
305 437 347 467 vt
368 429 409 472 in
422 427 557 466 litteris
577 428 767 468 viuamuS.

209 484 443 535 abutamur]
479 485 573 523 Non
590 484 736 536 accipio
756 484 798 521 in
818 495 895 520 ma·

352 67 581 130 rAvLm
627 89 909 130 MANv'rn
954 87 1475 130 COMMENTARIVS

950 197 1027 238 lam
1046 209 1216 253 partem,
1245 198 1308 240 sed
1338 200 1440 253 quafi
1468 198 1613 241 dietum
1640 203 1697 251 fit,

952 265 1106 295 vtamur
1124 258 1311 302 arbitratu
1332 258 1475 296 nostro.

1007 314 1168 369 Qcaeue
1189 324 1305 353 ERN.
1346 315 1460 370 Qae
1477 325 1546 354 tua
1567 313 1703 355 audie-

951 366 1014 421 ro]
1046 371 1105 408 sic
1122 383 1256 410 omnes
1275 369 1366 410 libri
1385 369 1525 423 scripti.
1545 372 1703 419 refflus,

951 437 1121 480 quaeque
1148 425 1320 468 audiero.
1375 426 1525 485 alioqui
1554 426 1700 481 subesse

952 481 1136 522 mendum
1155 482 1322 525 videtur.

604 611 1102 652 EP1ST0LAE
1160 611 1245 652 vn.

547 701 1305 751 ARGVVMENTVM.

290 803 496 844 Maturum
515 802 593 842 iam
614 799 680 856 effi·
702 803 774 848 ait,
801 810 846 842 vt
862 801 911 841 ah
931 800 1026 842 vrbe
1043 799 1246 842 discedat.-
1289 810 1328 841 et
1350 797 1399 841 de
1423 801 1622 854 Caqsaris,
1652 818 1703 845 ex

157 862 350 914 Africano
370 859 468 900 hello
488 857 698 907 redeuntis,
723 861 865 900 itinere
892 873 1065 900 rumores
1095 855 1268 912 diuerfin·
1296 860 1474 901 nunciat.

157 932 271 960 anno.

1559 859 1704 902 Eodem

720 1027 1163 1069 EXPLANAT10:

163 1119 437 1206 Mvturum]
530 1119 581 1159 Vt
601 1132 730 1159 eamus
751 1122 908 1160 obuiam

286 1175 449 1216 Caesari.

219 1233 341 1289 ορξιοιί
359 1243 475 1271 antea
493 1244 530 1271 tc
541 1238 594 1280 (te
602 1234 704 1273 abest
722 1235 763 1273 in
777 1232 909 1286 ERN]

159 1291 416 1332 calumniatus
437 1286 545 1344 sum]
605 1291 832 1340 Abundat-e,
861 1304 912 1338 te,

163 1347 309 1400 semper
320 1349 452 1400 putaui
465 1361 565 1386 nunc
582 1362 629 1387 eo
646 1351 778 1398 magis,
793 1348 913 1403 quod,

164 1406 392 1458 opinionem
428 1418 552 1443 meam
588 1407 656 1459 qui
687 1407 912 1460 comproba-

164 1473 238 1509 ret,
264 1471 435 1501 veterem
455 1460 598 1501 librum
614 1464 759 1503 inueni.
810 1466 912 1502 Con·

165 1520 353 1559 ieSturam
397 1532 521 1557 meam
566 1519 657 1559 inde
715 1519 914 1568 ducebam,

167 1577 258 1630 quia
284 1578 421 1615 Cicero
458 1590 668 1629 numquam
701 1582 914 1617 Varronem

165 1631 416 1673 calumniatus
444 1643 547 1680 erat,
574 1633 636 1672 sed
665 1633 744 1687 ipse
778 1634 915 1681 secum,

167 1705 212 1730 ea
235 1691 415 1739 cogitans,
439 1688 499 1729 vel
520 1692 648 1743 potius
670 1706 713 1730 ea
745 1691 781 1730 se
816 1694 915 1740 cogi-

169 1758 250 1788 tare
273 1744 462 1795 fimulans,
475 1748 569 1795 (hoc
588 1750 691 1787 enim
711 1748 916 1788 ostendunt

169 1804 237 1846 illa
293 1805 434 1849 verba,
488 1803 665 1844 indicabo
721 1808 918 1846 malitiam

148 1874 150 1885 ¹
169 1866 313 1914 meam)
333 1875 431 1913 quae
444 1859 553 1900 nullo
575 1861 693 1901 modo
713 1863 917 1911 cogitabat.

172 1933 270 1973 quae
299 1919 496 1957 calumnia
542 1921 643 1958 re&e
683 1919 845 1967 dicitur,
877 1928 919 1959 vt

171 1976 240 2016 lib.
265 1986 300 2015 1.
333 1975 436 2027 epist.
453 1986 487 2015 Ι.
509 1986 546 2014 et
562 1988 601 2026 4.
647 1977 835 2025 Significat
855 1991 920 2016 au-

173 2044 251 2073 tem
273 2030 352 2078 illa,
375 2045 471 2083 quae
491 2031 631 2086 scripsit
653 2035 755 2086 epist.
767 2047 807 2077 2.
847 2035 923 2075 Sed

174 2087 443 2132 calumniabar
461 2089 549 2140 ipst.

236 2144 416 2185 Volebam
451 2157 564 2197 prope
596 2145 741 2186 alicubi
775 2143 841 2200 effe
881 2156 920 2186 te

176 2206 235 2256 (te
255 2203 357 2241 abest
375 2204 415 2239 in
437 2203 600 2256 ERN.)]
656 2204 798 2242 Omnes
829 2201 930 2252 libri⁴

175 2270 338 2303 veteres,
358 2256 454 2313 ‘fffi's’
480 2273 559 2298 vno
586 2270 757 2312 excepto,
780 2261 821 2298 in
841 2273 919 2313 quo

176 2319 240 2363 est,
271 2317 346 2369 effi).
388 2330 466 2368 quo
496 2314 687 2355 librorum
725 2315 922 2364 consensu,

176 2386 219 2412 vt
239 2372 440 2421 legen-ium
459 2374 679 2420 arbitrarer,
692 2371 757 2426 eff}
777 2385 827 2421 te,
842 2372 923 2412 sum

177 2431 375 2470 adduftus.
413 2449 415 2452 ·
466 2428 549 2477 Vel,
580 2431 606 2469 fi
635 2429 816 2479 legamus,
846 2428 925 2484 ‘ffiss

178 2485 492 2532 subaudiendum,
527 2498 574 2525 te.
630 2489 722 2526 Non
753 2485 926 2540 displice-

180 2555 252 2590 ret,
272 2541 377 2598 57}st
397 2542 501 2595 quod
519 2543 633 2583 video
645 2542 820 2597 placuiss'e
833 2559 927 2582 non-

141 2627 144 2630 «
181 2599 319 2647 nullis,
356 2602 380 2638 ti
411 2598 471 2637 vel
504 2614 623 2639 vnum
651 2602 851 2654 antiquum
883 2600 926 2639 li-

180 2658 307 2705 brum,
319 2658 385 2709 qui
397 2655 678 2705 suffragaretur,
697 2659 925 2697 inuenirem.

239 2715 280 2754 Si
304 2712 401 2769 quid
427 2713 542 2752 bonae
559 2715 725 2764 salutis]
808 2716 845 2753 Si
880 2714 926 2754 de

181 2771 502 2827 Pompeianorum
551 2772 714 2810 vietoria
764 2773 926 2811 nuncius

964 1117 1178 1158 afferretur.
1222 1116 1380 1158 timebat
1414 1119 1517 1159 enim
1551 1133 1616 1160 eos
1651 1122 1714 1162 Ci-

967 1190 1070 1224 cero,
1091 1177 1116 1215 fi
1137 1174 1322 1215 viciffent.
1349 1178 1481 1229 itaque
1497 1178 1538 1220 in
1558 1180 1661 1232 epist.
1673 1181 1713 1222 6.

967 1247 1067 1274 nunc
1093 1246 1197 1279 vero,
1228 1233 1295 1279 ait,
1310 1232 1353 1284 si
1365 1234 1485 1287 εθιὶηιἱ
1509 1236 1630 1289 nostri
1652 1247 1716 1288 po-

968 1292 1048 1337 titi,
1076 1287 1193 1330 valde
1225 1291 1521 1342 intemperantes
1541 1290 1716 1346 fuf'sJcnt.

970 1349 1097 1388 Erant
1116 1348 1217 1386 enim
1239 1344 1344 1386 nobis
1361 1349 1541 1400 perirati.
1564 1391 1567 1394 Α
1598 1349 1717 1399 Qlod

969 1407 995 1444 fi
1024 1404 1074 1443 ad
1108 1417 1175 1443 eos
1205 1413 1366 1457 vterque
1395 1403 1504 1444 fimul
1543 1399 1719 1452 inissent}

968 1461 1169 1516 aliquanto
1197 1461 1324 1499 minus
1351 1463 1565 1502 timendum
1595 1465 1720 1503 existi-

966 1526 1150 1559 mauerat.
1236 1519 1363 1557 Potest
1391 1521 1505 1559 etiam
1543 1518 1720 1570 intelligi,

954 1574 1119 1632 siquid
1133 1573 1433 1625 bonaesulutir,
1464 1578 1490 1616 fi
1524 1575 1621 1615 salus
1651 1592 1720 1616 no-

968 1635 1041 1673 stra
1064 1633 1186 1671 tutior
1216 1630 1320 1679 esset,
1339 1643 1506 1687 Vtroque
1534 1632 1652 1674 simul.
1672 1633 1720 1673 ad

971 1688 1170 1729 Caesarem
1192 1697 1320 1729 eunte.
1359 1693 1506 1729 Verum
1528 1690 1619 1729 haec
1639 1690 1723 1730 sen·

971 1748 1090 1788 tentia
1112 1744 1202 1784 ideo
1213 1746 1309 1784 mihi
1320 1760 1399 1786 non
1415 1749 1616 1801 probatur,
1629 1750 1722 1802 quia

973 1804 1169 1857 sequitur,
1228 1803 1382 1857 quando
1420 1805 1587 1856 confea‘fa
1623 1810 1724 1856 sunt

974 1862 1113 1900 omnia.
1141 1860 1247 1912 quod
1269 1863 1430 1900 omnino
1458 1863 1650 1914 pertinere
1668 1864 1724 1902 vi-

976 1919 1089 1958 detur
1129 1914 1177 1956 ad
1208 1912 1376 1955 Caesaris
1415 1920 1640 1958 viGmriam:
1676 1919 1724 1959 de

976 1990 1052 2028 qua
1071 1984 1180 2012 antea
1203 1987 1288 2011 cum
1315 1973 1606 2023 subdubitass‘et,
1636 1974 1728 2017 licet

976 2031 1094 2079 allato
1115 2031 1271 2076 nuncio,
1301 2031 1490 2071 malitiose
1520 2031 1728 2072 calumnia·

976 2101 1039 2129 tus
1059 2098 1152 2135 erat,
1179 2101 1259 2126 non
1288 2102 1397 2127 veras
1424 2090 1601 2129 morandi
1627 2089 1730 2129 caus·

978 2145 1032 2185 sas
1051 2143 1228 2190 afferens,
1250 2147 1290 2184 in
1321 2147 1476 2199 epist.2.
1506 2148 1546 2186 in
1569 2161 1643 2199 qua
1675 2157 1728 2186 et·

977 2205 1054 2242 iam
1087 2201 1193 2248 dixit,
1223 2204 1496 2254 rumorxipse:
1535 2215 1576 2243 vt
1607 2206 1728 2242 incer-

979 2271 1059 2300 tum
1079 2259 1201 2298 adhuc
1224 2257 1296 2297 effe
1308 2260 1534 2300 ostenderet.
1546 2275 1646 2299 nunc
1665 2275 1728 2299 ve-

979 2331 1026 2356 ro
1058 2329 1186 2355 moras
1225 2314 1348 2364 tollit,
1389 2316 1628 2370 affirmatque
1662 2319 1730 2358 ob-

981 2376 1083 2414 viam
1105 2373 1264 2411 omnino
1294 2372 1461 2412 eundum
1485 2374 1645 2414 Caesari.

1036 2429 1109 2468 Σύν
1129 2447 1169 2467 τε
1192 2431 1239 2466 δύ’
1259 2429 1448 2482 ἐρχομένω]
1494 2437 1666 2482 Vtroque
1688 2432 1730 2470 fi.

982 2486 1063 2526 mul
1090 2496 1214 2525 eunte.
1275 2485 1465 2539 sumptum
1494 2502 1539 2527 ex
1567 2490 1731 2528 Homeri

983 2543 1050 2583 lib.
1068 2555 1132 2585 10.
1158 2541 1266 2581 Iliad.
1291 2557 1328 2582 v.
1345 2555 1430 2594 224
1482 2544 1586 2598 quod
1616 2548 1731 2584 etiam

985 2599 1206 2652 vsurpatum
1255 2601 1306 2638 est
1357 2600 1425 2639 lib.
1455 2613 1493 2654 9.
1542 2601 1590 2640 ad
1619 2604 1731 2642 Attic.

985 2659 1089 2712 epist.
1113 2656 1152 2697 6.

1039 2714 1174 2769 Qum
1194 2722 1306 2753 ERN.
1338 2712 1519 2769 Qzando]
1572 2715 1630 2753 Sic
1654 2713 1732 2753 duo

986 2781 1138 2810 veteres
1160 2769 1271 2809 libri:
1301 2768 1382 2819 alii,
1398 2775 1599 2826 qnoniam:
1638 2785 1736 2810 non-

1618 2826 1735 2876 nulli,
