1881 3173
289 464 751 542 LECTORI
807 461 1363 552 BEN1VOLO

770 653 844 701 ¹S.

197 866 265 916 uit
289 864 413 916 haec
441 856 625 912 saeculi
646 874 672 909 a
692 854 892 911 Christo
917 871 1038 912 nato
1057 858 1186 913 sexti
1203 860 1390 915 decimi
1422 859 1581 916 felici-

59 866 192 1050 F
228 985 317 1037 τῆς,
347 982 401 1022 vt
445 983 687 1034 magnum
727 967 959 1026 virorum
1003 981 1055 1019 et
1099 972 1290 1038 ingenii
1325 987 1376 1025 et
1407 973 1583 1026 iudicii

62 1082 207 1149 laude
270 1073 793 1149 praestantiffimorum
866 1091 1176 1144 prouentum
1243 1078 1423 1149 ferret,
1498 1084 1587 1154 qui

69 1205 298 1268 veterum
321 1188 623 1258 scriptorum
650 1181 834 1250 libros,
873 1203 900 1237 e
922 1185 1141 1240 tenebris
1175 1186 1367 1261 fituque
1394 1204 1589 1259 promi--

69 1298 196 1365 etos,
234 1314 340 1350 non
367 1294 534 1348 solum
561 1290 865 1358 emaculare,
891 1310 946 1345 ac
967 1295 1197 1363 pristinae
1217 1300 1493 1366 integritati
1516 1314 1588 1352 at-

71 1425 168 1480 que
189 1408 360 1472 nitori,
399 1417 644 1476 quantum
661 1400 966 1469 fieripoffet,
1006 1404 1289 1470 restituere,
1326 1407 1591 1461 sedetiam

69 1514 493 1584 interpretationis
534 1508 673 1576 luce,
702 1508 942 1563 omnibus
994 1510 1289 1568 liberalioris
1335 1516 1594 1570 doetrinae

71 1621 318 1694 praesidiis
341 1620 517 1682 adiuti,
553 1617 834 1671 collustrare
854 1620 1208 1676 adniterentur.
1269 1629 1447 1698 Neque
1470 1645 1593 1680 vero

75 1729 222 1784 vllius
245 1720 426 1782 veteris
450 1726 705 1794 scriptoris
730 1730 892 1780 maior
916 1723 1033 1792 fuit,
1066 1727 1347 1809 laetiorque
1373 1732 1596 1801 fortuna,

76 1855 228 1910 quam
254 1838 531 1903 Ciceronis,
572 1839 626 1887 in
650 1838 790 1888 cuius
811 1833 947 1887 libris
966 1853 1085 1889 cum
1105 1842 1433 1912 antiquorum
1454 1845 1598 1898 codi-

77 1965 195 2017 cum
216 1947 315 1998 fide
348 1945 700 2010 emendandis,
742 1958 853 1997 tum
887 1941 1117 2010 diligenti
1150 1949 1482 2023 adcurataque
1510 1971 1597 2005 ex-

76 2054 363 2126 planatione
403 2053 701 2106 illustrandis
739 2051 1010 2106 dostiffimi
1051 2055 1238 2127 quique
1267 2057 1398 2113 illius
1425 2064 1597 2115 aetatis

77 2165 170 2216 viri
192 2179 369 2230 magna
401 2181 521 2217 cum
545 2160 691 2216 laude
715 2160 850 2227 sunt,
881 2159 1284 2238 posteritatisque
1308 2166 1600 2223 admiratio·

79 2290 144 2323 ne
164 2271 351 2324 versati.
459 2275 515 2323 In
537 2269 719 2342 quibus
740 2271 948 2340 quidem
971 2288 1067 2323 vna
1091 2276 1355 2342 omnium,
1390 2288 1442 2327 et
1475 2292 1601 2330 con*-

79 2378 324 2431 sentiente
380 2380 696 2432 eruditorum
762 2395 895 2431 voce
965 2381 1302 2448 principatum
1364 2381 1602 2439 obtinent

80 2488 335 2538 triumuiri
389 2485 461 2538 illi
510 2489 709 2555 eximii,
748 2491 920 2563 Petrus
967 2484 1250 2554 Vidiorius‚
1293 2488 1601 2547 Sebastianus

83 2593 353 2662 CorraduS,
385 2594 679 2667 Paullusque
705 2596 985 2648 Manutius:
1026 2598 1112 2666 qui
1136 2597 1420 2652 incredibili
1432 2599 1609 2656 soller-

814 2720 841 2755 a
1521 2711 1604 2766 tia-v
