1881 3173
234 149 323 200 684

291 260 374 298 Iam
410 256 599 310 expeditis
636 255 806 296 omnibus
840 256 978 311 rebus]

233 316 438 366 Profligato
458 315 506 354 ad
527 315 715 353 Mutinam
737 316 923 354 Antonio.

290 373 364 412 Eos
385 370 492 424 vero]
523 369 682 411 Milites.

287 427 375 482 Spe]
406 432 550 483 Supra:
585 425 874 480 Confirmandus
892 437 981 466 erat

233 489 423 527 exerciues
443 485 562 531 nohis,
580 486 731 543 magnis
738 485 855 537 saepe
869 495 982 537 prae·

233 543 322 585 niis
345 543 599 597 sollicttatus.

453 145 678 186 PAvLu
715 145 1011 186 MANvTu
1048 145 1559 187 COMMENTAMVS
1624 133 1630 134 ’

1093 255 1228 296 Meam
1255 254 1545 309 aufloritatem]
1629 256 1774 295 Διιᾶοι·

1037 314 1140 352 enim
1161 312 1236 352 illis
1257 313 1328 360 fui,
1356 322 1398 352 vt
1427 322 1465 351 et
1493 310 1573 358 illa,
1598 324 1699 365 quae
1722 312 1771 351 ab

1037 371 1207 410 Antonio
1227 369 1562 423 promittebantur,
1587 382 1684 408 vana
1713 382 1773 408 ex-

1036 427 1257 475 istimarent,
1278 437 1315 466 et
1333 425 1502 467 eiusdem
1524 439 1680 481 quoque
1703 426 1772 465 mi·

1036 497 1105 526 nas
1140 494 1438 525 contemnerent.

726 654 1158 701 EPISTOLAE
1207 653 1284 693 lx.

580 746 621 793 A
661 746 702 793 R
743 747 784 794 G
828 747 866 791 V
903 746 959 790 M
1002 743 1041 788 E
1083 747 1127 792 N
1164 742 1213 789 T
1255 748 1295 791 V
1330 742 1398 789 M.

364 840 484 883 Suum
492 841 670 899 studium
687 857 781 900 erga
800 842 1074 896 rempublicam
1096 853 1192 896 prae
1212 839 1258 895 fe
1275 841 1385 897 fere:
1421 837 1578 894 modeste
1604 836 1775 895 dlgm‘u-

225 900 306 940 “tem
320 897 439 949 suam
463 899 726 943 commendat.-
767 899 866 956 quid
893 902 1026 956 egerit,
1052 899 1256 941 aelurusue
1274 898 1362 953 stt,
1405 898 1633 955 qualemque
1655 894 1775 937 ducat
1824 935 1829 940 ,

230 958 452 1004 exercitum,
460 957 680 1016 fignificat.
739 956 881 999 Eodem
900 970 1012 999 anno.

740 1068 1259 1112 EXPLANATIO·

228 1162 416 1247 Laetor]
445 1161 531 1199 Hoc
550 1158 654 1206 dicit,
675 1160 766 1213 quia
794 1161 883 1207 iam,
913 1159 978 1200 ab·

312 1218 409 1256 iec'ta
431 1215 668 1257 fimulatione
705 1227 743 1256 et
775 1212 978 1258 dissimula-

230 1275 362 1320 tione,
408 1288 523 1327 quam
565 1285 768 1330 Vtramque
801 1276 976 1314 nomina-

229 1333 289 1385 vit
337 1333 379 1372 in
408 1331 594 1385 proximis
620 1330 668 1369 ad
706 1330 878 1370 senatum
915 1333 977 1372 iit-

228 1386 335 1439 teris,
366 1386 603 1427 defensorem
626 1386 662 1426 se
679 1389 871 1428 bonarum
889 1402 977 1443 par-

226 1447 324 1485 tium
359 1443 546 1498 professus
583 1443 631 1484 ad
669 1447 880 1487 Mutinam·
900 1447 976 1487 iter

227 1500 432 1541 direxerat.
660 1508 663 1511 '

284 1573 524 1614 meritorum
558 1573 743 1626 meorum]
800 1574 847 1612 In
877 1586 976 1614 rem-

228 1626 437 1686 publicam.

284 1700 392 1741 Fieri
413 1698 649 1753 acceffiones]
687 1697 833 1739 Eodem
855 1697 975 1738 modo

228 1755 379 1801 locutus
405 1758 456 1796 est
475 1758 616 1797 Cicero
634 1756 703 1798 lib.
728 1768 764 1799 2.
793 1756 897 1810 epist.
913 1764 949 1798 1.

283 1828 380 1868 Cum
401 1826 718 1883 immortalitate]
740 1830 850 1877 Qae
870 1840 978 1882 prae⁴

227 1883 325 1927 stare
347 1883 502 1927 videtur
521 1885 700 1925 omnibus
722 1887 849 1925 rebus.

287 1955 510 2008 Concupfsco
546 1966 677 1997 autem
717 1956 821 1996 nihil
859 1953 978 1994 mihi.-

225 2022 363 2056 contra
377 2011 482 2065 quod
508 2012 582 2065 ipse
596 2011 744 2067 pugno]
803 2010 975 2053 Difficilis

226 2069 277 2112 ad
298 2068 587 2119 intelligendum
614 2067 745 2109 locus:
784 2083 852 2108 nec
874 2077 977 2107 vete-

228 2140 291 2169 res,
321 2125 411 2167 libri
444 2125 708 2167 consentiunt:
744 2140 830 2165 nam
863 2124 976 2181 pleri-

230 2197 319 2238 que,
349 2194 485 2224 contra
517 2182 641 2237 quod:
687 2196 810 2230 vnuS,
836 2192 975 2222 eontra

228 2253 369 2296 quam:
385 2238 496 2289 alim,
515 2251 651 2280 contra
667 2253 785 2298 quem.
822 2237 975 2280 fortasse

228 2307 361 2337 autem
389 2297 462 2335 hoc
486 2297 649 2338 dicitur:
684 2306 722 2337 et
754 2294 852 2337 nihil
877 2296 974 2337 mihi

228 2367 315 2394 mea
362 2353 483 2394 caussa
520 2352 769 2408 concupisc03
808 2367 896 2393 cum
926 2352 974 2393 ad

230 2409 467 2463 reipublicae
497 2409 654 2451 salutem
675 2409 974 2463 dignitatemque

229 2468 362 2507 omnia
383 2466 569 2512 referam3
590 2478 627 2508 et
638 2467 828 2508 contendo
848 2479 974 2507 tamen

229 2533 346 2580 atque
378 2523 552 2572 elaboro,
581 2535 624 2565 vt
659 2538 703 2566 ea
753 2523 976 2577 consequar,

230 2594 329 2633 quae
358 2582 517 2622 minime
553 2579 789 2636 concupisco.
832 2582 923 2620 haec
951 2582 977 2620 fi

227 2635 352 2693 placet
381 2636 584 2683 sententia3
631 2652 746 2691 quam
785 2651 857 2689 ego
891 2653 971 2678 non

229 2704 455 2735 contemno:
496 2693 568 2744 legi
588 2697 745 2751 poterit,
769 2706 817 2741 et,
839 2707 972 2734 contra

228 2763 367 2806 quam:
402 2761 452 2800 et,
471 2763 607 2791 contra
625 2751 753 2808 quod:
784 2764 899 2805 atque
919 2756 971 2792 ”et-

225 2809 317 2856 iam,
335 2818 566 2865 contraque‚ss
613 2819 655 2850 vt
687 2807 783 2850 olim
811 2808 975 2857 Rutilio,

1031 1160 1117 1216 post
1153 1159 1268 1198 etiam
1305 1154 1390 1196 aliis
1426 1153 1602 1212 placuiffe
1635 1155 1772 1211 video:

1032 1229 1264 1270 quamquam
1284 1213 1325 1252 id
1347 1213 1515 1268 quidem,
1530 1212 1633 1267 quod
1649 1212 1775 1266 sciam,

1031 1288 1112 1316 non
1131 1274 1182 1312 est
1201 1274 1241 1312 in
1263 1273 1356 1310 meis
1382 1271 1576 1311 veteribus
1595 1269 1717 1311 libris.

1085 1345 1137 1386 Et
1160 1345 1339 1396 temporis
1362 1353 1476 1382 ERN.
1512 1340 1590 1382 Sed
1603 1340 1656 1396 et]
1714 1342 1774 1382 Sic

1030 1404 1072 1453 in
1119 1414 1200 1442 vno
1248 1410 1396 1440 tantum
1442 1400 1602 1452 antiquo
1648 1396 1774 1444 libro:

1031 1458 1138 1512 quod
1157 1457 1335 1512 probaui.
1361 1466 1450 1510 apte
1477 1458 1580 1496 enim
1607 1457 1773 1508 particu-

1030 1514 1081 1563 la,
1093 1514 1182 1567 sed,
1202 1513 1421 1568 sequentem
1444 1512 1668 1556 sententiam
1687 1527 1774 1554 cum

1022 1572 1228 1628 superiore
1247 1572 1456 1622 coniungit.

1091 1643 1298 1697 Temporis,
1323 1652 1362 1683 et
1378 1643 1454 1694 rei]
1493 1637 1594 1682 Volo
1617 1650 1655 1682 te
1673 1641 1775 1682 iudi-

1031 1714 1116 1741 care
1135 1714 1177 1739 ac
1195 1701 1369 1747 statuere,
1389 1710 1427 1740 et
1446 1698 1616 1754 quando,
1628 1698 1771 1753 etquid

1030 1768 1181 1813 petam:
1229 1754 1306 1805 vel,
1331 1767 1368 1796 et
1396 1770 1475 1810 quo
1508 1765 1706 1810 tempore,
1736 1765 1774 1797 et
1839 1805 1843 1807 λ

1032 1816 1172 1869 quibus
1202 1828 1264 1853 me
1292 1814 1506 1854 honoribus
1535 1813 1687 1853 afficere
1709 1812 1774 1852 de-

1032 1873 1164 1914 beatis.
1181 1872 1285 1925 epist.
1306 1883 1373 1913 21.
1407 1869 1773 1926 Tu·videris‚quan-

1031 1941 1129 1976 tum,
1149 1940 1184 1968 et
1207 1927 1360 1984 quando
1380 1938 1489 1969 tuum
1512 1941 1650 1969 munus
1667 1925 1777 1982 apud

1033 2001 1092 2029 me
1121 1986 1218 2028 velis
1237 1981 1314 2040 effe.
1409 1985 1413 1987 ”

1090 2057 1177 2097 Aut
1188 2055 1290 2109 sero,
1310 2065 1377 2095 aut
1396 2053 1559 2112 exigue]
1613 2057 1700 2095 Hoc
1722 2053 1772 2095 ad

1030 2111 1128 2155 illud
1148 2111 1313 2166 respicit,
1335 2123 1375 2152 et
1393 2115 1586 2164 temporis,
1617 2123 1656 2153 et
1675 2113 1745 2154 rei.

1090 2182 1261 2239 Vienna]
1290 2182 1378 2229 Alii,
1404 2185 1606 2230 Viennam,
1632 2193 1674 2223 vt
1706 2183 1770 2222 ha-

1029 2242 1122 2281 bent
1159 2239 1306 2282 veteres
1332 2239 1481 2294 aliquot
1516 2239 1618 2282 libri.
1665 2239 1771 2294 quod

1030 2312 1110 2339 non
1144 2297 1264 2353 placet
1277 2314 1287 2338 ι,
1328 2300 1510 2352 primum,
1549 2298 1655 2350 quia,
1683 2311 1769 2337 cum

1027 2353 1212 2405 ingressus
1236 2356 1277 2394 in
1298 2353 1460 2396 Galliam
1476 2353 1769 2395 Narbonensem

1030 2412 1184 2452 Plancus
1218 2426 1296 2451 non
1328 2411 1442 2462 longe
1481 2412 1572 2452 abfit
1600 2414 1769 2460 Vienna,

1030 2483 1099 2512 cur
1120 2468 1232 2512 dicat,
1263 2473 1413 2525 magnis
1433 2467 1637 2509 itineribus
1661 2469 1771 2508 Vien-

1031 2540 1121 2565 nam
1172 2529 1312 2580 equites
1353 2525 1566 2578 praemf'st’?
1617 2525 1770 2571 deinde,

1031 2582 1298 2637 praemittendi
1321 2585 1465 2635 equites
1489 2592 1605 2628 erant,
1626 2596 1702 2620 non
1726 2591 1769 2623 vt

1027 2642 1226 2685 Viennaxm
1241 2638 1302 2678 scil
1316 2651 1356 2678 vt
1374 2641 1577 2687 Mutinam,
1588 2638 1770 2679 obseffam

1029 2698 1076 2736 ab
1110 2698 1291 2737 Antonio.
1322 2706 1512 2749 peterent:
1550 2711 1635 2738 nam
1658 2697 1771 2736 vien·

1029 2768 1100 2793 nae
1121 2754 1345 2806 praeiidium
1372 2756 1536 2806 imponi,
1575 2755 1646 2792 hoc
1676 2765 1771 2790 tem·

1030 2824 1123 2867 pore
1156 2823 1237 2852 non
1269 2812 1462 2865 oportuit„
1542 2814 1630 2856 lam,
1658 2807 1769 2853 illud,

1701 2879 1768 2906 vta
