1881 3173
554 125 624 166 IN
659 126 780 166 CIC.
818 127 1010 168 EPIST.
1040 127 1177 169 FAM.

141 250 257 293 quam
294 235 399 278 illius
440 236 620 280 voluntas
655 238 732 282 fuit
773 250 840 288 11,

660 308 731 349 29²
757 309 837 350 343

88 367 281 406 Antonius
303 380 323 404 a
345 366 554 405 Trebonio
575 366 748 407 sedunus
776 380 839 416 10,

145 430 215 472 28,
241 435 332 475 304.
363 423 502 462 elicere
527 426 754 464 Ciceronem
771 440 840 464 vo·

90 508 94 512 -
145 479 217 520 luit
245 479 291 517 ad
323 479 446 517 caedis
475 480 635 522 eauss'mn
675 493 736 530 12,
767 495 839 535 25,

146 548 240 590 373.
273 538 462 576 Antonius
510 552 555 576 ex
613 539 838 578 turbulenta

146 591 356 647 republica,
400 594 564 647 Lepidus
596 609 640 635 ex
679 610 770 649 pace
800 605 838 636 et

83 703 87 706 γ
145 652 310 692 vietoria
357 650 500 691 bellum
542 655 721 694 excitauit
777 667 839 703 12,

149 720 214 754 10,
231 719 324 760 353.
354 709 484 746 firmus
504 710 551 748 ab
575 712 749 762 equitatu
776 721 840 757 10,

146 772 322 818 133288.
361 763 552 814 gladiator
579 770 753 806 omnium
775 781 839 806 ne—

145 822 339 876 quillimus
376 834 436 869 ⁸2,
468 835 532 870 212,
560 827 654 877 369.
710 835 839 863 mente

148 879 311 935 pessima,
348 890 384 917 et
423 879 673 920 infidelulima
711 893 773 928 11,
807 896 841 929 1,

145 939 241 990 316.
272 934 480 989 plurimum
522 937 624 976 valet
664 940 838 991 equitatu

151 1005 216 1040 10,
241 1006 306 1046 30,
329 1005 421 1046 307.
453 1004 560 1033 tanto
592 994 627 1034 se
648 996 742 1035 odio
763 995 836 1034 ess'e

146 1049 339 1100 intelligit,
368 1063 422 1098 vt,
460 1065 543 1090 cum
570 1052 836 1092 interfee'mres

145 1107 232 1148 suos
254 1109 359 1146 domi
387 1109 733 1162 comprehenderit,
755 1123 837 1148 rem

145 1164 323 1221 proferre
363 1179 442 1204 non
481 1164 618 1205 audeat
672 1177 736 1212 12,
770 1177 836 1218 23,

147 1234 243 1276 370.
275 1224 431 1261 Antonii
470 1221 622 1275 aquilae
650 1222 769 1270 duae,
798 1224 838 1261 fi-

144 1294 217 1330 gna
239 1278 426 1327 sexaginta
447 1279 564 1318 relata
584 1291 646 1326 10,
661 1291 726 1331 30,
744 1292 836 1332 307.

145 1338 307 1378 Antonii
324 1335 472 1374 litterae
491 1337 538 1375 ad
561 1339 734 1384 Brutum,
748 1350 838 1381 eon-

145 1392 369 1435 tumeliosae
416 1402 452 1432 et
498 1395 664 1432 minaces
699 1405 762 1440 11,
798 1406 836 1446 3,

148 1457 242 1506 318.
279 1452 449 1490 Antonio
471 1450 568 1491 duae
591 1449 671 1503 spes
693 1464 838 1504 propo·

145 1511 259 1556 sitae,
289 1521 361 1547 vua
390 1507 525 1560 Lepidi
554 1510 688 1562 ipsius,
718 1506 838 1548 altera

147 1567 334 1606 exercitus
363 1577 427 1612 10,
446 1578 456 1605 ι
473 1579 505 1613 ι,
518 1572 614 1618 284.
654 1563 768 1614 legati
788 1564 837 1605 ad

147 1624 362 1664 Antonium
415 1622 532 1669 miffi,
572 1620 769 1674 Philippus
801 1631 838 1661 et

147 1679 246 1727 Piso,
269 1690 310 1718 vt
339 1679 374 1716 ei
403 1692 447 1716 ex
477 1676 625 1717 senatus
654 1677 839 1717 sententia

149 1748 269 1776 certas
292 1750 350 1774 res
382 1738 630 1783 nunciarent,
659 1750 743 1775 cum
773 1734 838 1774 ille

148 1808 280 1834 earum
328 1806 457 1832 rerum
500 1790 597 1832 nulli
644 1791 838 1846 paruisset,

83 1857 86 1859 ’
149 1850 253 1892 vlt'ro
277 1851 324 1889 ab
351 1848 419 1888 illo
438 1848 486 1888 ad
515 1864 585 1889 nos
616 1848 839 1892 intolerabi-

149 1907 200 1949 lia
242 1906 425 1962 postulata
466 1906 680 1946 retulerunt
714 1918 777 1954 12,
796 1920 838 1960 4,

149 1972 244 2020 348.
270 1966 339 2019 ‚qui
368 1967 577 2004 Antonium
599 1963 839 2018 oppress'erit,

149 2025 183 2063 is
203 2025 276 2062 hoc
295 2023 536 2062 teterrimum
565 2020 708 2060 bellum
738 2023 838 2074 peri·

149 2079 493 2131 culosissimumque
526 2078 733 2118 confecerit
773 2091 838 2127 10,
884 2088 886 2090 ’

152 2150 219 2192 19,
234 2150 329 2190 293>
361 2138 392 2174 is
438 2135 580 2176 bellum
616 2135 836 2183 confecerit,

149 2198 218 2250 qui
256 2195 470 2234 Antonium
515 2192 742 2247 oppresserit
771 2204 838 2240 Ιι,

667 2263 733 2298 12,
758 2260 838 2303 327

93 2325 198 2363 Anus
221 2333 307 2373 pars
326 2318 490 2361 obscena
521 2319 650 2360 alieno
682 2323 840 2360 nomine

149 2377 363 2432 appellatur
595 2391 636 2432 9,
667 2392 733 2425 22,
757 2381 840 2431 265

94 2449 249 2505 Apelles
279 2450 440 2488 Veneris
470 2458 582 2502 caput
620 2460 657 2489 et
696 2449 840 2489 summa
894 2477 899 2482 -

150 2509 318 2562 peEioris
349 2505 565 2558 politisfima
600 2517 682 2546 arte
716 2505 839 2559 perfe-

151 2566 215 2611 eit,
252 2563 438 2615 reliquam
479 2574 627 2616 partem
665 2566 839 2617 corporis

150 2621 368 2660 inchoatam
389 2619 548 2673 reliquit
695 2633 835 2674 1,9,21

97 2693 266 2747 Aperit-e
295 2690 476 2731 reditum.
562 2691 729 2739 Qiando
769 2693 842 2732 tibi

156 2751 279 2789 virtus
311 2759 347 2788 et
375 2747 538 2797 dignitas
579 2759 642 2787 tua
673 2748 842 2788 reditum

151 2806 199 2847 nd
245 2815 331 2846 tuos
374 2808 527 2862 aperuit
575 2807 615 2853 6,
650 2813 841 2861 112158.

953 243 1104 296 aperire
1152 242 1220 283 fibi
1256 258 1372 285 venas
1425 255 1462 286 et
1501 246 1650 296 viscefi

1427 311 1464 352 ὃ,
1486 317 1547 358 ῑ4)
1561 319 1641 359 231

897 372 1064 425 Apertus
1100 380 1139 411 et
1165 371 1319 427 fimplex
1350 376 1499 414 animus
1536 395 1574 425 1,
1605 391 1646 432 9,

1590 449 1611 467 θ

893 484 1129 533 Ἀφωμίλησα
1169 500 1217 525 eo
1254 489 1438 528 comitatu
1483 493 1546 538 16,
1582 439 1646 545 1-76,

1558 562 1613 602 49

895 596 1208 645 Ἀποφ-’ὶεγμάτων
1247 600 1431 644 volumen
1465 619 1486 644 a
1512 607 1648 646 Caela—

953 669 996 695 re
1024 655 1241 698 consenum
1409 674 1450 716 9,
1476 666 1539 710 16,
1575 666 1645 717 -56

895 711 1201 761 Ἀποπξοηγμένον
1438 731 1477 772 9,
1497 732 1538 773 7,
1562 733 1643 775 243

896 768 1131 816 Ἀπότευγμκ
1425 788 1548 829 9521,
1558 782 1643 832 263

897 827 1176 880 Apparatiffimi
1196 826 1278 869 ludi
1439 846 1480 886 7,
1507 849 1538 881 ι,
1564 833 1643 887 171

896 900 1114 952 Apparitio.
1199 903 1242 940 In
1267 900 1381 952 longa
1400 907 1644 958 apparitione

951 955 1178 1005 lingulare'm
1221 960 1386 1001 Marcilii
1435 962 1549 1000 fidem
1583 978 1646 1002 co·
1706 990 1708 993 v

949 1015 1069 1063 gnoui
1408 1029 1471 1069 13,
1487 1032 1549 1072 54,
1561 1032 1644 1073 419

897 1070 1100 1124 Appellare
1118 1082 1225 1119 reges
1431 1087 1468 1128 9,
1486 1086 1503 1115 1
1515 1090 1645 1130 5,254

896 1131 1087 1182 Appetaru
1130 1128 1242 1165 huius
1287 1130 1344 1168 rei
1386 1136 1645 1185 principi-tum

961 1187 1067 1232 11‚6
1103 1194 1197 1233 322·
1252 1198 1428 1236 appetere
1463 1191 1645 1245 aliquem.

952 1243 1022 1280 'l'u
1036 1255 1131 1294 puer
1145 1255 1204 1279 me
1214 1245 1388 1296 appetisti
1409 1256 1428 1285 1
1439 1258 1545 1299 514,
1557 1262 1645 1301 470

895 1300 1053 1352 Appias,
1073 1296 1191 1336 Pallas
1467 1315 1503 1356 3,
1533 1316 1569 1352 1,
1591 1318 1646 1358 54

896 1371 1090 1425 Appietas,
1116 1368 1328 1409 Lentulitas
1471 1387 1507 1426 3,
1527 1386 1569 1428 7,
1588 1380 1643 1419 62

896 1429 1043 1482 Appius
1069 1441 1090 1464 a
1112 1425 1312 1465 Dolabella
1343 1442 1429 1468 reus
1459 1431 1579 1471 faetus
1606 1441 1644 1483 8,

956 1487 1109 1536 6,2t4.
1141 1483 1333 1523 absolutus
1370 1490 1570 1528 maiestatis
1605 1504 1643 1544 3,

958 1551 1025 1588 11,
1045 1552 1113 1593 75.
1162 1542 1272 1580 floret
1301 1554 1441 1590 aetate,
1489 1549 1643 1599 opibus,

947 1597 1179 1644 honoribus,
1200 1601 1369 1648 ingenio,
1392 1601 1536 1650 liberis,
1554 1618 1645 1657 pro-

953 1656 1120 1708 pinquis,
1145 1655 1337 1703 affinibus,
1361 1662 1490 1698 amicis
1514 1673 1552 1705 2,
1581 1673 1644 1715 13,

952 1723 1019 1765 43.
1049 1713 1194 1751 iudicio
1245 1716 1409 1754 ambitus
1448 1716 1642 1757 absolutus

1464 1786 1499 1826 3³
1519 1788 1529 1806 ²⁴
1544 1787 1642 1830 ι’75

895 1835 1097 1892 Applicare
1130 1838 1167 1879 se
1200 1840 1248 1880 ad
1285 1839 1444 1884 alicuius
1485 1845 1644 1886 duehun

1442 1914 1476 1955 3,
1499 1914 1561 1954 11,
1584 1907 1644 1958 76

898 1967 1100 2019 Apponam
1122 1977 1252 2007 notam
1276 1970 1435 2025 reliquis
1453 1988 1643 2015 commen·

954 2023 1174 2062 dationibus
1204 2040 1307 2075 eam,
1340 2044 1437 2082 quae
1467 2033 1561 2071 mihi
1593 2045 1647 2072 te·

953 2094 1039 2119 cum
1070 2086 1253 2123 conuenit
1283 2096 1348 2139 13,
1371 2091 1408 2131 6,
1436 2095 1528 2142 384.
1579 2104 1644 2143 ap-

953 2150 1099 2191 ponere
1144 2137 1372 2184 licitatorem
1410 2156 1452 2197 7,
1480 2159 1519 2192 2,
1550 2158 1646 2201 173.

952 2207 1149 2248 apponere
1181 2198 1364 2253 Polypum
1387 2204 1553 2242 Miniani
1587 2211 1646 2243 lo-

950 2253 1009 2292 vis
1033 2251 1191 2292 similem
1410 2271 1449 2312 9,
1469 2263 1535 2308 16,
1555 2268 1640 2313 258

883 2324 1123 2378 -Approbaui
1147 2334 1253 2365 tunm
1280 2329 1475 2370 confilium
1515 2334 1580 2374 16,
1605 2342 1645 2379 1.

951 2387 1049 2433 480.
1079 2381 1122 2420 Id
1158 2384 1263 2435 quod
1291 2389 1411 2435 egeris
1442 2386 1558 2429 velim
1586 2388 1646 2428 diiss

952 2441 1168 2490 approbent
1455 2457 1495 2491 2,
1511 2457 1528 2485 1
1539 2452 1574 2493 8,
1589 2456 1638 2498 51

896 2497 1219 2549 Appropinquare
1248 2508 1334 2538 tuus
1363 2499 1549 2540 aduentus
1576 2517 1645 2555 pu-

953 2553 1105 2592 tabatur
1476 2571 1515 2606 2,
1534 2561 1572 2601 6.
1591 2571 1651 2612 34

899 2623 1078 2676 Aquilius
1100 2622 1231 2664 Gallus
1254 2625 1376 2667 filium
1401 2631 1521 2670 amifit
1539 2646 1579 2684 4,
1602 2633 1643 2676 6,

901 2741 999 2775 Arae
1026 2735 1235 2778 Alexandri
1429 2696 1645 2796 Ις,4,4ξέ“

899 2794 1097 2834 Arbitratu
1125 2794 1192 2837 suo
1214 2797 1350 2840 viuere
1455 2811 1494 2853 7,
1512 2811 1548 2847 1,
1564 2811 1645 2852 172

952 2865 1050 2905 Xxx
1515 2869 1653 2912 Ardet
