1881 3173
196 138 266 178 m
291 138 410 178 CIC.
448 136 637 177 EPIST.
664 136 801 179 ΒΑΜ.
831 135 942 176 Lm.
972 135 1076 175 xm.
1115 133 1308 176 EPIST.
1333 135 1440 178 xm.
1512 146 1590 190 801

8 299 25 305 ο
45 267 132 294 eum
163 263 199 291 et
227 249 486 291 conseruanda
518 251 680 290 maxime
707 251 789 297 sint,

47 325 117 350 nee
157 310 234 349 fine
272 307 521 359 veffigalibus
569 306 788 346 conseruari

47 378 202 421 queant,
234 364 380 405 summo
420 366 542 404 studio
580 364 786 418 prouiden-

48 427 138 464 dum
161 425 224 471 est,
249 437 296 462 ne
318 435 392 475 qua
425 435 484 461 res
511 432 576 460 aut
606 421 788 474 impediat

48 495 228 531 agrorum
255 477 498 529 vefflgalium
524 477 693 528 frueius,
721 488 788 523 aut

50 540 264 578 imminuat.

106 596 150 634 In
167 593 368 644 prouincia
387 588 552 647 Gallia]
578 594 629 631 Vt
655 588 793 631 Atella-

50 653 90 692 ni
121 651 231 705 episp
246 661 287 702 7.

68 734 78 741 =
107 709 147 748 15
168 708 269 747 enim
289 703 565 763 magistratus]
601 702 794 744 Aedilitas.

112 764 196 804 Nec
218 764 320 804 alius
341 763 463 816 ullus]
522 765 567 802 In
586 760 670 801 aliis
691 762 795 800 enim

51 823 271 875 municipiis
291 818 354 861 vel
378 821 543 861 dietator
563 820 683 859 creari
702 816 797 860 sole-

844 250 924 298 bat,
943 260 985 290 vt
1007 250 1022 273 '
1040 250 1194 294 znuuii3
1221 250 1340 302 (orat.
1369 265 1440 306 pro
1469 252 1584 294 Milo-

844 321 893 347 ne
913 321 943 346 c.
959 318 996 352 15
1070 306 1133 347 vel
1157 306 1303 356 consul,
1335 320 1376 350 vt
1401 310 1588 358 Tusculi5

845 363 907 404 vel
932 364 1127 412 duumuir,
1147 376 1188 404 vt
1208 366 1395 412 Corfinii3
1430 368 1587 415 (Caesar

845 421 911 462 lib.
927 433 961 463 1.
982 421 1028 461 de
1045 420 1134 462 bell.
1157 423 1228 461 ciu.
1247 431 1370 477 c.23.)
1397 424 1457 464 vel
1479 437 1586 479 quat-

846 481 1013 527 tuoruir,
1059 488 1100 518 vt
1151 479 1332 534 Neapoli,
1367 491 1405 521 et
1439 484 1587 531 Cumis,

847 536 915 576 lib.
940 547 1002 579 10.
1049 535 1096 575 ad
1126 538 1236 576 Attic.
1271 539 1374 590 epist.
1392 550 1452 593 13.
1483 551 1520 581 et
1547 543 1590 581 in

847 592 1076 633 Cluentiana
1109 605 1139 632 c.
1164 599 1217 642 8.)
1247 594 1309 636 vel
1330 598 1518 648 quaestor,
1549 608 1592 638 vt

850 650 1019 697 Sidicini,
1039 660 1075 689 et
1092 652 1245 701 Ferenti
1257 668 1264 690 :
1274 651 1441 704 (Gellius
1452 653 1518 695 lib.
1535 666 1592 695 10.

853 721 883 746 c.
897 707 956 758 3.)
980 708 1199 760 Spartianus
1212 710 1252 746 in
1267 708 1465 750 Hadriano
1484 725 1513 750 c.
1529 718 1573 759 18

854 765 929 804 Per
948 764 1091 802 Latina
1111 762 1224 814 opida
1247 766 1429 817 difiator,
1437 779 1475 810 et
1490 769 1597 809 aeds·-

854 819 916 868 lis,
934 830 973 860 et
992 818 1176 860 duumuir
1193 819 1294 872 fuit.

559 931 979 972 EPISTOLAE
1026 932 1113 973 mL

457 1020 1192 1070 ARGVMENTVM.

187 1125 246 1183 ξ
266 1121 474 1178 Frfidium,
500 1124 739 1187 Arpinatum
757 1122 929 1180 legatum
948 1120 1199 1164 commendat.
1237 1119 1381 1163 Eodem
1404 1136 1516 1165 anuo.

574 1235 1080 1277 EXPLANATIO.

141 1340 272 1367 uocum
296 1324 389 1366 mihi
420 1340 543 1368 omnes
575 1324 803 1382 necqffltudi·

58 1334 229 1445 Ques
245 1382 352 1435 finnt]
394 1386 505 1438 Epist.
522 1385 555 1426 ιζ
609 1387 703 1424 Cum
727 1385 803 1424 Pa-

60 1453 173 1482 trone
201 1443 384 1494 Epicureo
417 1441 512 1481 mihi
544 1443 673 1482 omnia
691 1441 803 1492 sunt.

63 1499 247 1552 epist.14.
278 1498 419 1537 Omnia
448 1499 542 1538 mihi
565 1511 651 1539 cum
681 1512 721 1537 eo
749 1498 805 1537 in-

63 1555 264 1598 tyercedunt
293 1556 384 1595 iura
406 1554 586 1610 summae
621 1553 805 1609 neceffitu·

63 1609 180 1652 dinis.
585 1650 587 1655 ,
764 1618 766 1620 ’

127 1682 219 1722 Non
237 1692 283 1724 vt
303 1682 459 1738 aliquid
471 1679 521 1722 de
539 1681 613 1721 illa
630 1694 811 1722 commen·

64 1738 221 1780 datione
257 1742 509 1780 comminuam
542 1748 655 1779 ERN.
689 1736 809 1778 demi-

65 1795 279 1847 nuam‚st’d
288 1808 330 1836 vt
349 1795 446 1836 hanc
458 1792 624 1849 addam]
678 1792 808 1834 Simile

66 1852 163 1894 illud
205 1853 387 1906 epist.10.
450 1851 587 1892 Nihilo
616 1851 808 1904 itfirmius

65 1909 182 1957 illud,
205 1909 270 1950 hoc
296 1907 443 1949 addito.
500 1906 577 1948 Alii
596 1907 718 1948 aliter.
737 1920 808 1948 nos

67 1967 130 2006 hic
158 1965 447 2006 emendauimus
481 1979 526 2005 ex
554 1967 700 2006 vetusto
730 1969 811 2007 Ma·

67 2023 244 2066 saeorum
265 2022 380 2062 libro.

127 2109 176 2149 In
199 2105 362 2160 Cilicia]
442 2109 530 2155 Pro,
558 2108 601 2148 in
622 2105 812 2149 Ciliciensi

70 2168 286 2221 prouincia,
315 2166 376 2204 cui
395 2175 471 2204 tres
501 2162 678 2210 διοικήσεις
705 2168 811 2205 attri-

70 2225 184 2264 butae
198 2233 326 2261 erant:
346 2232 386 2260 vt
405 2223 509 2276 epist.
519 2222 586 2275 67.
608 2236 687 2262 non
707 2225 811 2263 enim

73 2279 191 2321 solam
208 2279 381 2319 Ciliciam
401 2284 499 2319 rexit
517 2282 667 2319 Cicero.

73 2386 76 2389 Α
134 2349 328 2390 Tribunus
345 2350 528 2404 militum]
575 2353 741 2390 Primum
769 2350 811 2390 in

74 2404 225 2456 legione
245 2405 372 2445 locum
400 2409 481 2459 post
512 2409 674 2457 legatum
695 2408 814 2448 tribu-

74 2477 147 2504 nus
165 2462 332 2505 militum
356 2464 568 2504 obtinebat.
653 2467 722 2505 Sex
744 2476 812 2503 au-

859 1335 937 1366 tem
955 1326 996 1365 in
1013 1323 1164 1377 singulis
1185 1324 1402 1377 legionibus
1420 1323 1599 1370 Polybius

860 1384 1066 1423 constituit.
1149 1383 1333 1424 Asconius
1364 1382 1442 1421 duo
1463 1396 1603 1432 genera

858 1439 962 1487 facit,
984 1454 1103 1480 vnum
1119 1454 1265 1490 eorum,
1290 1440 1358 1494 qui
1379 1439 1520 1492 Rufzui
1542 1454 1605 1479 vo-

861 1499 1056 1546 cabantur,
1094 1500 1162 1551 qui
1196 1500 1319 1538 creari
1355 1494 1528 1535 solebant
1558 1500 1602 1535 in

838 1572 848 1600 ,·
861 1556 1050 1594 exercitu:
1076 1554 1254 1602 alterum,
1288 1555 1356 1608 qui
1391 1553 1603 1603 Comitiati,

865 1613 1010 1651 Romae
1036 1615 1198 1652 comitiis
1218 1610 1407 1662 defignati.

925 1695 964 1736 V
960 1706 979 1736 t
1003 1693 1175 1751 accepiffi
1192 1695 1241 1735 ab
1254 1710 1296 1737 eo
1315 1693 1532 1747 beneficium
1548 1695 1606 1735 vi-

863 1753 986 1799 derer,
1002 1747 1078 1793 noti
1107 1750 1258 1807 dediffb]
1297 1753 1489 1792 Sententia
1510 1753 1607 1791 fimi·

864 1806 911 1848 lis
932 1808 999 1849 lib.
1011 1812 1049 1854 6.
1070 1805 1258 1864 epistj19.
1294 1811 1343 1849 In
1371 1822 1448 1864 qua
1485 1810 1605 1859 illest

864 1861 1000 1920 dedff'
1016 1865 1235 1920 beneficium
1255 1864 1417 1914 nutabat,
1447 1879 1522 1906 non
1547 1881 1612 1906 ac·

860 1923 1000 1976 cepgffi.
1026 1926 1170 1964 Recitat
1181 1921 1325 1964 Gellius
1338 1922 1404 1962 lib.
1418 1935 1475 1976 17.
1495 1935 1526 1962 c.
1540 1933 1606 1975 14.

865 1979 1165 2033 pulcherrimum
1204 1981 1330 2022 Publii
1355 1980 1464 2019 mimi
1495 1981 1606 2020 Sena-

867 2050 993 2078 rium:

921 2137 1152 2191 Beneficium
1181 2133 1328 2178 dando‘
1347 2137 1510 2192 accepit,
1541 2137 1612 2193 qui

1027 2195 1145 2251 digno
1176 2194 1297 2235 dedit.

923 2292 1076 2334 Secutus
1092 2292 1365 2335 aulloritatem
1377 2291 1513 2347 meam]
1525 2293 1613 2348 {Au-

868 2350 954 2390 δῖοι·
975 2353 1078 2391 enim
1107 2354 1142 2391 ei
1170 2351 1240 2400 fui,
1270 2364 1310 2390 vt
1338 2366 1420 2390 eam
1451 2350 1606 2400 legatio-

868 2420 956 2446 nem
986 2406 1198 2462 susciperet.
1283 2410 1461 2461 Sequitur
1479 2409 1608 2462 proxi·

869 2479 950 2504 me:
979 2468 1043 2521 qui
1066 2480 1148 2505 eum
1173 2466 1404 2519 impulimus·-

556 2581 978 2622 EPISTOLAE
1005 2584 1110 2623 XIII.

426 2673 466 2718 A
506 2664 546 2718 R
586 2673 626 2719 o
671 2673 710 2717 v
756 2676 807 2719 M
847 2673 885 2717 E
925 2647 969 2718 N
1007 2676 1055 2721 T
1097 2675 1135 2718 v
1178 2671 1243 2718 M.

213 2771 258 2812 l·-
277 2768 510 2829 Castrvnium
532 2772 730 2830 Lucensem
751 2768 997 2814 commendat.
1055 2770 1198 2814 Eodem
1220 2784 1333 2814 anno.

903 2862 997 2902 fiee
1398 2849 1607 2903 exui-
