1881 3173
215 110 304 152 724

271 201 337 253 Ex
352 212 539 271 reliquis]
576 216 732 255 Duabus
752 218 960 266 veteranis,

215 271 364 323 quinta,
385 273 629 321 et'trigefima
650 274 797 327 quinta.

268 357 526 409 Inermorum]
553 360 638 404 Pro,
659 360 874 404 inermium,
894 370 961 395 an·

192 457 195 461 ,
214 413 334 465 tique.
358 413 424 453 lib.
441 426 491 453 11.
511 417 683 468 epipam.
709 417 755 453 Et
775 415 879 466 epist.
899 425 957 466 14.

212 470 262 509 ad
282 474 335 510 M.
357 474 531 518 Brutum,
553 483 590 510 et
607 469 799 509 Sallustius
819 471 861 508 in
877 471 957 519 Iug.

213 542 244 567 c.
260 539 352 580 115.
381 527 446 567 Ab
473 529 632 567 inermis
656 527 814 578 pedihus
845 532 961 566 auxi-

210 585 308 624 lium
320 595 459 637 petere.
497 587 546 623 Ee
562 583 837 634 Qiadrigarius
857 583 960 638 apud

213 638 382 681 Gellium
407 639 474 680 lib.
489 651 553 694 17.
576 655 605 679 c.
620 652 658 681 2.

238 733 241 736 '
268 726 474 782 Equitum]
504 728 683 780 Equitum
704 712 817 769 ΧΧὶῖ
831 728 871 768 id
893 730 958 776 est,

212 785 369 833 triginta
394 783 527 832 millia,
548 794 590 823 vt
611 786 651 822 in
674 783 782 825 libris
803 787 956 834 nostris,

209 839 310 880 linea
335 855 497 880 numero
527 840 766 894 superdu&a,
800 843 957 897 impres-

209 897 290 937 sum
313 899 376 946 est,
400 897 494 937 olim
527 898 600 937 effe
630 899 885 939 animaduerti
913 901 956 939 in

179 980 187 988 s
208 957 370 1008 antiquo
418 957 611 995 vincentii
657 958 775 996 Riccii
831 956 954 996 libro:

207 1027 310 1051 nunc
331 1011 482 1051 easdem
502 1020 612 1051 notas
633 1014 674 1051 in
695 1029 773 1053 vno
794 1013 955 1054 Maffeo-

207 1083 294 1108 rum
333 1068 429 1117 effe,
475 1071 516 1108 in
554 1068 712 1123 reliquis
751 1086 954 1111 numerum

207 1128 380 1178 equitum
401 1125 515 1165 video
529 1125 740 1167 desiderari.
770 1128 831 1167 sed
843 1131 953 1178 mihi,

207 1195 354 1222 tantum
375 1185 600 1236 'equitatum
634 1185 804 1225 habuifl'e
830 1189 950 1226 Anto-

205 1242 328 1289 nium,
351 1240 553 1280 verifimile
571 1255 707 1294 parum
728 1243 893 1283 videtur.

262 1310 438 1364 Silanus]
518 1314 573 1352 M.
604 1311 750 1352 Silanus
771 1316 948 1355 tribunus

204 1367 371 1408 militum
399 1371 440 1407 in
471 1370 639 1423 exercitu
668 1372 815 1426 Lepidi.
871 1375 948 1412 Dio

205 1424 271 1465 lib.
294 1429 363 1480 46.
392 1435 428 1465 et
447 1427 549 1479 epist.
568 1438 631 1479 30.

263 1496 409 1549 Culleo]
438 1500 558 1538 Antea
586 1501 819 1553 praepositus
842 1499 947 1554 Alpi-

201 1555 273 1593 bus
293 1567 315 1592 a
337 1554 496 1607 Lepido.
524 1558 719 1609 Appianus
735 1556 800 1596 lib.
817 1570 852 1611 3.

261 1639 404 1679 Contra
449 1641 619 1692 nostram
679 1643 945 1697 voluntatem]

201 1698 325 1735 Immo
345 1699 522 1750 exipsius
549 1698 768 1739 voluntate:
797 1699 943 1740 occulte

201 1755 303 1792 enim
325 1752 483 1795 fauebat
529 1758 714 1797 Antonio.
742 1758 831 1798 vide
850 1760 943 1797 Dio—

196 1825 286 1851 nem
316 1808 383 1850 lib.
394 1811 463 1864 46.

253 1880 579 1937 Neceffitudinis]
607 1887 716 1934 Quae
735 1885 940 1938 imperato-

196 1939 232 1978 ri
265 1936 359 1979 solet
403 1939 476 1979 effe
505 1955 591 1980 cum
628 1941 704 1980 suis
738 1941 938 1982 militibus.

195 2008 283 2034 nam
304 1994 450 2036 Silanus
469 2008 506 2037 et
526 1995 664 2038 Culleo
685 2013 770 2038 cum
788 1998 936 2051 Lepido

193 2051 474 2103 militauerant,
518 2055 684 2095 honestis
732 2054 935 2095 ordinibus

192 2111 418 2165 praepositi:
447 2112 495 2152 vt⁷
511 2112 808 2153 demonstratum
829 2114 892 2152 est.

458 78 688 142 imvm]
714 84 1548 158 ΜΑΝνΤιῑεοΜΜεΝἻ-Λιιινε

1069 217 1229 258 Summa
1230 219 1370 275 studia
1399 217 1530 273 ffcit]
1615 217 1763 262 officiis

1015 275 1118 316 inter
1145 289 1217 315 nos
1256 277 1342 330 pari
1367 276 1489 316 studio
1519 281 1761 319 certauimus.

1015 333 1106 369 Duo
1130 331 1278 372 v'eteres
1305 331 1409 377 libri,
1443 332 1571 387 qfficii,
1589 349 1670 375 non
1697 336 1763 375 ha-

1014 388 1129 427 bent:
1166 404 1280 438 vnus,
1297 391 1455 441 summa
1482 389 1615 442 studia
1642 392 1764 446 qfficio

1016 454 1174 484 mutuo:
1201 445 1314 494 alius,
1322 448 1489 499 summa.
1492 445 1624 499 studia
1647 448 1763 504 officii

1015 503 1150 540 mutui.
1207 504 1346 544 Cicero
1367 503 1446 558 ipse
1472 502 1565 543 Phil.
1584 516 1647 558 13.
1676 519 1708 545 c.
1719 519 1761 559 4.

1013 557 1060 596 fic
1081 556 1128 596 de
1143 560 1316 613 Lepido:
1345 560 1501 616 Magna
1519 563 1600 601 eius
1628 563 1670 601 in
1699 576 1760 602 me

1012 616 1179 664 merita,
1224 631 1308 658 mea
1350 615 1538 672 quaedam
1565 617 1690 673 qffleia
1716 621 1761 659 in

1011 671 1136 711 illum.
1394 681 1399 682 ⁷
1568 704 1573 709 .

1068 740 1237 782 Proinde
1259 740 1489 802 diltgenter]
1518 740 1650 800 Aeque
1671 746 1758 788 dili-

1010 808 1156 848 genter.
1185 813 1274 839 nam
1287 801 1453 854 proinde
1477 802 1673 845 interdum
1691 819 1756 845 va-

1009 855 1063 896 let
1074 855 1250 910 perinde.
1277 859 1381 912 epist.
1400 872 1442 912 4.

1065 916 1227 953 Memini
1255 917 1357 954 enim
1380 927 1491 960 ERN.
1519 916 1666 971 autem]
1696 920 1756 958 Sic

1010 970 1162 1023 probo,
1194 982 1237 1011 vt
1259 973 1311 1011 est
1329 974 1370 1012 in
1389 988 1478 1013 meo
1496 985 1626 1014 vetere
1639 974 1754 1024 libro,

1009 1025 1047 1066 et
1076 1037 1156 1066 erat
1173 1028 1215 1066 in
1235 1042 1298 1076 eo,
1316 1042 1431 1083 quem
1451 1029 1546 1070 olim
1569 1033 1698 1081 habui,
1730 1047 1752 1073 a
1773 1078 1777 1079 ⁷

1008 1085 1212 1124 Vincentio
1269 1087 1398 1126 Riccio
1455 1090 1752 1130 commodatum.

1007 1140 1086 1179 duo
1141 1151 1351 1195 praeterea,
1409 1147 1579 1186 memini*
1610 1149 1753 1187 etiam.-

1006 1197 1113 1250 quod
1145 1213 1225 1238 non
1251 1198 1386 1253 placet»
1411 1200 1564 1255 reliqui,
1594 1206 1752 1245 memini

1008 1268 1121 1295 emm.

1060 1312 1112 1351 Et
1137 1313 1212 1352 illa
1225 1310 1450 1365 fitperioru]
1500 1315 1597 1354 Cum
1619 1318 1655 1355 ei
1682 1319 1750 1357 sta·

1007 1379 1107 1406 tuam
1129 1370 1338 1421 equestrem
1360 1372 1572 1411 inauratam
1602 1375 1643 1412 in
1674 1377 1748 1414 Ro-

1007 1427 1089 1464 stris
1114 1425 1330 1479 ponendam
1354 1425 1510 1469 censuit.
1534 1429 1624 1470 vide
1652 1431 1746 1471 Phil.

1008 1495 1044 1534 ς.
1067 1498 1096 1521 c.
1113 1495 1177 1536 15.
1382 1533 1388 1535 ξ

1062 1542 1176 1596 ,Qme
1194 1538 1329 1593 Lepido
1354 1537 1475 1596 dlgua
1492 1544 1607 1598 fimt]
1662 1547 1746 1585 Em-

1003 1597 1123 1649 phaiis
1143 1598 1195 1636 est
1215 1599 1255 1635 iu
1269 1600 1436 1644 nomine,
1468 1612 1627 1653 propter
1647 1606 1744 1642 anti-

1002 1668 1116 1707 quam
1137 1653 1303 1693 familiae
1323 1653 1556 1703 dignitatem.
1580 1658 1670 1700 Phil.
1685 1671 1743 1714 13.

999 1726 1028 1750 c.
1045 1726 1086 1765 4.
1789 1763 1792 1765 .

1053 1771 1108 1808 Eo
1126 1765 1336 1820 ampliora]
1395 1767 1576 1809 Additum
1593 1773 1656 1819 est,
1685 1788 1742 1819 eo,

997 1836 1155 1864 ornatus
1174 1827 1318 1874 gratia,
1348 1839 1429 1864 non
1459 1826 1565 1879 quod
1594 1829 1739 1869 necess'e

993 1880 1096 1921 effer.
1411 1919 1413 1925 ,

1003 1963 1005 1967 .
1049 1936 1235 1990 Proinde]
1263 1941 1479 1990 Propterea.

1050 1995 1255 2036 XLERN.
1301 1993 1395 2033 ΧΙΙ.
1418 1995 1531 2045 Kah]
1614 1997 1671 2038 Sic
1691 2001 1735 2040 in

991 2055 1085 2092 meis
1111 2053 1281 2105 antiquis
1300 2050 1423 2098 libris,
1454 2065 1533 2092 vno
1561 2066 1733 2110 excepto,

987 2112 1030 2149 in
1048 2123 1126 2163 quo
1155 2110 1221 2157 est,
1237 2110 1305 2148 XI.

661 2260 1082 2299 EPISTOLAE
1118 2253 1267 2297 xxxv.

605 2348 1321 2397 ARGVMENTVM.

323 2449 481 2503 Recepti
499 2451 659 2491 Antonii
676 2448 841 2505 cazffam
866 2452 905 2489 in
913 2449 1008 2500 fisos·
1029 2451 1173 2490 milites
1202 2448 1363 2501 confert,
1391 2446 1648 2504 dffegsz'onem
1672 2454 1723 2493 ei-

190 2505 296 2545 vium
326 2508 456 2562 inique
470 2507 656 2561 ferentesss
702 2506 841 2548 Eodem
863 2521 976 2547 anno.

708 2633 1205 2675 EXPLANATIO.

193 2729 256 2808 In
275 2723 424 2765 ciuibus
441 2724 730 2779 confirmandis]
769 2727 827 2763 Sic
845 2723 924 2763 duo
981 2737 1059 2776 quo
1083 2722 1164 2762 sum
1189 2721 1274 2762 vsus
1303 2721 1531 2773 adolescens,
1564 2724 1718 2766 vbaldi-

246 2790 392 2823 veteres
412 2781 517 2831 libri,
537 2794 575 2824 et
592 2797 690 2824 vnus
710 2794 922 2837 praeterea,
978 2782 1019 2821 ni
1037 2779 1260 2822 Bandinelli.
1318 2781 1471 2837 Reliqui
1491 2797 1637 2831 omnes,
1658 2781 1717 2823 ob-

1548 2840 1718 2892 ,li-ruan-
