1881 3173
549 97 620 139 IN
646 97 758 138 CIC.
799 94 992 138 EPIST.
1020 92 1156 134 EAM.

135 223 225 252 nam
246 209 499 266 pulcherrime
521 207 622 249 ferre
639 222 678 260 4.
699 221 737 261 5,
759 218 826 262 90.

136 267 298 310 secunda
335 268 416 307 fere
461 265 593 316 vigilia
640 277 677 317 3,
694 276 737 318 7,
757 268 826 307 62·

137 323 299 365 secunda
319 324 518 365 voluntate
540 324 740 362 hominum
763 332 828 374 15,

652 389 716 430 192
741 381 826 431 476

82 435 208 479 secus.
250 438 360 476 Seeus
378 435 592 474 existimare
622 435 668 473 de
695 434 828 488 aliquo

141 506 180 548 3,
202 496 242 540 6,
261 495 329 536 61.
377 491 424 531 de
454 500 523 531 tuo
542 493 584 530 in
605 505 666 529 me
697 494 828 531 animo

141 551 286 602 iniquis
323 547 423 587 secus
458 545 694 588 existimandi
725 547 830 587 vidc-

140 608 194 646 ris
215 619 294 644 non
318 604 414 644 nihil
448 604 524 645 loci
553 604 692 643 ‹lediffe
737 602 829 645 ilud.

84 674 314 716 Sedebamus
352 677 392 714 in
430 676 574 730 puppi,
604 673 831 727 clauumque

145 736 366 772 tenebamus
589 743 629 785 9,
664 742 729 784 15,
747 742 832 783 254

88 789 322 828 Seditionem
345 788 470 828 facere
612 800 671 835 ιο,
687 800 750 840 32,
765 798 830 840 311

88 846 276 884 Seducere
297 846 463 898 aliquem
487 843 615 884 seuere
662 858 694 891 ι,
716 856 755 897 9,
782 856 834 896 24

88 903 275 942 sedulitas
303 914 364 948 10,
390 908 563 954 15,288.
593 902 755 940 nimium
776 913 833 939 ar-

146 970 235 1009 guta
266 966 304 1008 8,
329 971 366 1005 1,
387 971 483 1011 205.
543 957 739 997 sedulitate
767 958 835 996 mi-

146 1019 266 1056 himet
288 1016 365 1068 ipse
388 1014 601 1054 satisfacere
621 1014 834 1069 poti'um‚re

150 1088 230 1112 non
255 1073 417 1127 pedum,
435 1082 505 1112 etc.
666 1084 702 1119 1,
724 1078 762 1119 8,
784 1082 837 1121 14

93 1144 255 1193 seiunge
274 1155 311 1182 te
329 1143 376 1182 ab
388 1145 596 1195 impiorum
616 1144 757 1181 ciuium
779 1140 836 1178 tui

148 1199 482 1241 ditlnnillimorum
513 1198 688 1240 societate
710 1209 775 1243 10,
795 1195 837 1243 6,

753 1259 834 1305 278

94 1310 263 1355 Seleucia
593 1317 630 1358 8,
656 1321 719 1360 14.
753 1320 838 1362 230

94 1367 192 1409 Sella
223 1369 293 1407 tibi
329 1369 402 1407 erit
427 1368 468 1406 in
499 1365 616 1415 ludo,
646 1378 841 1420 tamquam

148 1423 455 1478 hypodidascalo,
485 1428 662 1478 proxima
702 1436 742 1477 9,
780 1430 841 1471 ιε,

757 1483 837 1522 261

96 1550 322 1592 Semisomni
635 1562 677 1604 7,
702 1562 738 1598 1,
762 1561 837 1603 171

96 1607 267 1648 Semiffes
288 1605 423 1646 vsurae
660 1620 696 1660 5,
708 1610 747 1653 6,
762 1619 778 1647 1
792 1618 842 1648 12

98 1667 419 1719 Sempronianum
453 1657 600 1702 senatus
629 1662 844 1702 consultum

590 1730 655 1767 12,
673 1732 740 1773 29,
764 1730 845 1774 377

104 1779 307 1818 Senatores
327 1778 332 1816 ἶ
353 1790 484 1816 omnes
522 1776 672 1816 Caesari
709 1781 847 1827 gratias

166 1845 325 1884 egerunt
374 1835 425 1873 ob
479 1832 636 1873 salutem
676 1833 850 1874 Marcelli

161 1892 414 1946 impetratam,
448 1900 599 1943 praeter
635 1891 851 1931 Volcatium

688 1961 730 2001 4²
742 1960 782 2002 ⁴⁹
798 1950 852 1996 86

104 2022 266 2061 Senatus
316 2017 559 2066 consulibus,
595 2020 851 2073 praetoribus,

163 2078 361 2126 negotium
387 2076 504 2123 dedit,
527 2087 568 2114 vt
601 2088 776 2115 curarent
803 2089 852 2114 ne

162 2136 260 2188 quid
298 2133 512 2187 respublica
544 2134 762 2173 detrimenti
795 2146 852 2171 ca-

165 2200 275 2245 peret
309 2190 372 2236 16,
400 2199 465 2236 11,
484 2195 581 2241 488.
628 2190 775 2229 senatus
800 2190 853 2228 est

168 2249 357 2287 continuo
387 2258 630 2294 conuocatus,
657 2247 852 2299 frequens-

166 2317 242 2358 que
263 2307 446 2342 conuenit
481 2315 542 2350 ιο,
564 2315 627 2347 12,
647 2307 744 2352 286.
802 2302 853 2341 sc-

166 2372 277 2400 utatus
299 2359 478 2412 frequens
507 2371 572 2407 12,
591 2372 659 2408 22,
682 2373 774 2413 370.
801 2359 852 2398 se—

167 2429 278 2457 natus
298 2431 384 2456 eum
406 2417 584 2469 frequens
615 2418 784 2470 reliquit,
817 2426 855 2456 et

167 2475 211 2513 in
242 2473 314 2512 alia
345 2475 474 2512 onmia
513 2473 670 2513 discessit
702 2484 767 2520 10,
791 2484 856 2521 12,

176 2535 274 2578 286.
304 2529 450 2569 senatus
470 2545 548 2569 non
572 2532 693 2583 potest
718 2531 852 2569 haberi

171 2598 260 2625 unte
289 2585 366 2625 Kal.
388 2588 496 2627 Febr.
523 2601 592 2639 per
633 2586 752 2636 legem
783 2589 851 2634 Pu-

173 2644 290 2697 piam,
312 2653 381 2683 etc.
705 2655 741 2690 1,
760 2655 800 2695 4,
823 2645 850 2685 6

113 2702 270 2742 Senatus
315 2698 529 2739 consultum
557 2701 599 2739 in
627 2697 851 2739 sententiam

172 2759 253 2797 Cic.
275 2754 416 2796 fanum
682 2767 719 2804 1,
738 2768 780 2809 9,
800 2768 849 2807 17

882 209 1040 250 Senatus
1052 202 1312 246 consultorum
1323 202 1513 245 formulae
1532 208 1570 252 8,
1583 207 1622 252 8,

1427 274 1523 315 219.
1534 258 1622 316 sqq.

884 319 1082 361 Senescens
1104 318 1262 358 morbus
1385 328 1425 372 7,
1446 317 1514 360 26.
1540 325 1619 368 197

885 380 1016 419 Senex.
1049 379 1187 415 Senum
1209 374 1487 429 desperationes
1508 386 1546 420 2,
1566 373 1624 418 16,

885 501 1021 543 Sensus
1046 503 1239 541 bonorum
1262 512 1299 547 1,
1321 513 1362 553 9,
1385 512 1449 553 19.
1477 512 1556 539 non
1574 501 1625 538 est

941 563 1095 610 ignotus
1117 560 1212 597 mihi
1231 556 1354 596 sensus
1377 567 1464 597 tuus
1501 567 1564 597 10·
1584 568 1629 608 4,

943 629 1040 669 275.
1071 614 1193 654 sensus
1212 613 1413 653 oculorum
1429 627 1469 666 4,
1484 624 1550 659 10,
1559 611 1630 666 96.

945 672 1098 712 difficile
1124 676 1173 711 eti
1195 670 1342 710 sensum
1371 673 1412 709 in
1433 667 1629 723 republica

946 728 1165 784 praesertim
1193 730 1339 767 reetum
1367 738 1404 766 et
1432 727 1632 766 confirma-

943 799 1024 827 tum
1056 785 1248 839 deponere
1282 797 1318 832 1,
1342 791 1379 833 8,
1403 794 1467 836 13.
1524 779 1632 821 sensu

945 845 1052 882 omni
1065 852 1177 889 caret,
1189 844 1256 894 qui
1274 855 1354 880 non
1366 841 1416 880 est
1428 840 1468 888 6,
1491 851 1528 891 3,
1545 850 1633 892 143.

945 899 1050 939 sensu
1072 913 1148 939 vno
1174 896 1376 937 oculorum
1411 895 1533 936 solum
1553 909 1634 935 rno-

947 959 1031 996 Ver'l
1452 963 1495 1004 ⁴2
1514 964 1555 1005 92
1574 963 1631 1006 95

891 1028 1083 1073 Sententia
1095 1027 1219 1080 prima
1231 1022 1361 1064 Bibuli
1376 1023 1631 1077 pronunciata

1497 1089 1533 1127 1,
1552 1092 1592 1126 2,
1606 1091 1636 1132 4

894 1156 1038 1195 Sentire
1057 1154 1156 1193 bene
1177 1149 1224 1189 tle
1246 1147 1442 1202 republica
1477 1161 1542 1196 10,
1567 1156 1636 1198 13,

947 1223 1043 1264 292.
1073 1207 1289 1248 consulares
1313 1205 1412 1246 male
1432 1205 1636 1246 sentientes

957 1280 1019 1314 10,
1048 1272 1118 1314 28,
1145 1276 1238 1318 305.
1285 1261 1423 1303 sentire
1457 1277 1555 1316 quae
1580 1276 1640 1303 re·

953 1325 1108 1364 &issima
1131 1323 1215 1360 sunt
1401 1331 1442 1373 9,
1466 1323 1532 1367 16,
1551 1322 1637 1373 256

898 1397 998 1449 Septi
1017 1391 1270 1434 Pindeniss‘um
1287 1390 1348 1430 sex
1376 1389 1547 1438 castellis,
1581 1404 1639 1430 ca-

956 1454 1115 1504 strisque
1162 1451 1334 1488 maximis
1393 1459 1459 1500 15,
1478 1460 1519 1500 4.
1538 1458 1636 1500 459.

952 1509 1077 1563 septus
1134 1505 1398 1561 philosophiae
1446 1505 1639 1557 praefidiis

1389 1563 1455 1608 16,
1475 1573 1544 1613 23,
1557 1572 1640 1614 500

900 1623 1025 1679 Sequi.
1059 1617 1174 1668 Quod
1192 1617 1386 1658 confilium
1405 1620 1446 1656 in
1467 1617 1637 1666 discess'u,

956 1692 1054 1732 quae
1091 1678 1173 1715 loca
1211 1675 1413 1728 sequamur
1456 1686 1498 1726 4,
1519 1687 1560 1722 2,
1574 1680 1640 1722 82.

959 1736 1065 1788 sequi
1089 1733 1393 1772 neceffitudinem
1418 1737 1457 1778 8,
1472 1742 1532 1782 14,
1546 1742 1653 1785 2302

961 1792 1067 1844 sequi
1085 1789 1252 1829 officium
1267 1790 1420 1835 iustum,
1439 1789 1560 1841 pium,
1577 1788 1644 1826 de-

961 1851 1086 1890 bitum
1106 1845 1338 1900 reipublicae
1356 1848 1395 1894 6,
1413 1855 1445 1890 1,
1467 1854 1560 1897 140.
1592 1844 1645 1883 se-

961 1907 1029 1960 qui
1061 1903 1253 1950 officium,
1293 1917 1373 1941 non
1399 1901 1500 1953 spem
1541 1912 1581 1953 9,
1607 1913 1655 1953 5,-

962 1973 1060 2015 241.
1088 1960 1196 2014 sequi
1221 1960 1322 2014 spem
1342 1959 1505 2012 praedae
1527 1968 1564 1996 et
1588 1971 1647 1996 ra-

964 2021 1142 2073 pinarum
1390 2025 1451 2061 12,
1474 2024 1539 2060 12,
1565 2024 1646 2068 355

907 2093 1039 2132 Sermo
1059 2087 1273 2128 litterarum
1295 2095 1449 2126 tuarum
1467 2083 1563 2124 milti
1589 2086 1650 2123 iu·

963 2146 1108 2187 cundus
1138 2147 1190 2185 est
1214 2157 1256 2198 7,
1279 2155 1344 2197 32,
1363 2154 1462 2195 203.
1520 2140 1656 2199 sermo¹

961 2203 1160 2244 familiaris
1191 2202 1232 2240 in
1267 2201 1455 2240 conuiuiis
1489 2196 1647 2237 dulciffi-

966 2274 1050 2301 mus
1071 2261 1120 2299 est
1147 2268 1187 2312 9,.
1203 2270 1273 2308 24,
1291 2260 1390 2306 268.
1418 2254 1542 2295 sermo
1563 2268 1651 2295 ver-

962 2319 1023 2359 bis
1059 2318 1195 2362 tedus,
1231 2328 1274 2354 re
1314 2311 1577 2367 impudentior
1605 2323 1650 2365 9,

964 2388 1034 2421 22,
1053 2376 1150 2425 264.
1179 2374 1372 2410 terniones
1395 2371 1522 2409 minus
1546 2382 1651 2408 com·

963 2430 1072 2470 modi
1440 2437 1482 2472 2,
1507 2435 1573 2478 17,
1590 2431 1646 2478 48

911 2504 1004 2541 Sero
1023 2501 1172 2554 sapiunt
1413 2506 1458 2550 7,
1480 2499 1544 2540 16.
1566 2499 1651 2544 186

909 2557 1091 2598 Seruilius
1110 2556 1231 2606 gratia
1261 2551 1399 2600 effecit,
1430 2564 1471 2592 vt
1502 2551 1653 2592 senten·

962 2616 1014 2654 tia
1055 2613 1119 2654 sua
1168 2614 1291 2666 prima
1327 2611 1651 2664 pronuncia-etur

1384 2676 1448 2712 10,
1474 2675 1540 2713 12,
1563 2668 1649 2713 286

1412 2747 1479 2784 10,
1508 2748 1546 2788 3·
1566 2746 1652 2789 274

1495 2807 1651 2846 Seruius

907 2743 1058 2781 Seruire
1089 2738 1327 2793 temporibus
