<?xml version="1.0" encoding="UTF-8"?>
<!DOCTYPE html PUBLIC "-//W3C//DTD XHTML 1.0 Transitional//EN"
    "http://www.w3.org/TR/xhtml1/DTD/xhtml1-transitional.dtd">
<html xmlns="http://www.w3.org/1999/xhtml" xml:lang="en" lang="en">
 <head>
  <title>
</title>
<meta http-equiv="Content-Type" content="text/html;charset=utf-8" />
  <meta name='ocr-system' content='tesseract 3.04.00' />
  <meta name='ocr-capabilities' content='ocr_page ocr_carea ocr_par ocr_line ocrx_word'/>
</head>
<body>
  <div class='ocr_page' id='page_1' title='image "./commentariusinmt02manuuoft_0577.png"; bbox 0 0 1881 3173; ppageno 0'>
   <div class='ocr_carea' id='block_1_1' title="bbox 545 95 1154 173">
    <p class='ocr_par' dir='ltr' id='par_1_1' title="bbox 545 95 1154 173">
     <span class='ocr_line' id='line_1_1' title="bbox 545 95 1154 173; baseline 0 -1"><span class='ocrx_word' id='word_1_1' title='bbox 545 95 614 173; x_wconf 52' lang='lat'>1121</span> <span class='ocrx_word' id='word_1_2' title='bbox 641 132 758 172; x_wconf 92' lang='lat' dir='ltr'><strong>CIC.</strong></span> <span class='ocrx_word' id='word_1_3' title='bbox 785 130 978 172; x_wconf 80' lang='lat' dir='ltr'><strong>EPIST.</strong></span> <span class='ocrx_word' id='word_1_4' title='bbox 1018 130 1154 173; x_wconf 68' lang='grc' dir='ltr'><strong>ΒΑΜ.</strong></span> 
     </span>
    </p>
   </div>
   <div class='ocr_carea' id='block_1_2' title="bbox 71 240 822 2033">
    <p class='ocr_par' dir='ltr' id='par_1_2' title="bbox 133 240 822 355">
     <span class='ocr_line' id='line_1_2' title="bbox 133 240 822 286; baseline -0.001 -1"><span class='ocrx_word' id='word_1_5' title='bbox 133 246 328 286; x_wconf 86' lang='lat' dir='ltr'>bonorum</span> <span class='ocrx_word' id='word_1_6' title='bbox 363 240 628 285; x_wconf 84' lang='lat' dir='ltr'>voluntatibus</span> <span class='ocrx_word' id='word_1_7' title='bbox 669 246 822 285; x_wconf 83' lang='lat' dir='ltr'>mutatis</span> 
     </span>
     <span class='ocr_line' id='line_1_3' title="bbox 667 314 820 355; baseline -0.007 -10"><span class='ocrx_word' id='word_1_8' title='bbox 667 314 820 355; x_wconf 80' lang='lat'>1‚9,25</span> 
     </span>
    </p>

    <p class='ocr_par' dir='ltr' id='par_1_3' title="bbox 75 357 822 467">
     <span class='ocr_line' id='line_1_4' title="bbox 75 357 822 412; baseline -0.003 -12"><span class='ocrx_word' id='word_1_9' title='bbox 75 358 290 400; x_wconf 72' lang='lat' dir='ltr'>Permansto</span> <span class='ocrx_word' id='word_1_10' title='bbox 323 358 363 397; x_wconf 91' lang='lat' dir='ltr'>in</span> <span class='ocrx_word' id='word_1_11' title='bbox 389 371 463 396; x_wconf 88' lang='lat' dir='ltr'>vna</span> <span class='ocrx_word' id='word_1_12' title='bbox 496 357 681 398; x_wconf 84' lang='lat' dir='ltr'>sententia</span> <span class='ocrx_word' id='word_1_13' title='bbox 715 373 822 412; x_wconf 87' lang='lat' dir='ltr'>prae-</span> 
     </span>
     <span class='ocr_line' id='line_1_5' title="bbox 130 414 821 467; baseline 0.001 -14"><span class='ocrx_word' id='word_1_14' title='bbox 130 416 313 454; x_wconf 87' lang='lat' dir='ltr'>stantibus</span> <span class='ocrx_word' id='word_1_15' title='bbox 329 416 370 454; x_wconf 87' lang='lat' dir='ltr'>in</span> <span class='ocrx_word' id='word_1_16' title='bbox 390 414 585 467; x_wconf 72' lang='lat' dir='ltr'>republica</span> <span class='ocrx_word' id='word_1_17' title='bbox 607 418 821 464; x_wconf 85' lang='lat' dir='ltr'>gubernan-</span> 
     </span>
    </p>

    <p class='ocr_par' dir='ltr' id='par_1_4' title="bbox 73 470 820 1449">
     <span class='ocr_line' id='line_1_6' title="bbox 75 470 820 524; baseline 0.003 -14"><span class='ocrx_word' id='word_1_18' title='bbox 75 517 78 519; x_wconf 14' lang='grc' dir='ltr'><strong>Α</strong></span> <span class='ocrx_word' id='word_1_19' title='bbox 134 473 182 510; x_wconf 78' lang='lat' dir='ltr'>da</span> <span class='ocrx_word' id='word_1_20' title='bbox 211 474 305 511; x_wconf 80' lang='lat' dir='ltr'>viris</span> <span class='ocrx_word' id='word_1_21' title='bbox 342 484 552 524; x_wconf 81' lang='lat' dir='ltr'>numquam</span> <span class='ocrx_word' id='word_1_22' title='bbox 588 470 739 512; x_wconf 77' lang='lat' dir='ltr'>laudata</span> <span class='ocrx_word' id='word_1_23' title='bbox 769 476 820 512; x_wconf 80' lang='lat' dir='ltr'>est</span> 
     </span>
     <span class='ocr_line' id='line_1_7' title="bbox 85 529 819 571; baseline 0.008 -7"><span class='ocrx_word' id='word_1_24' title='bbox 85 562 88 564; x_wconf 75' lang='grc'><strong>,</strong></span> <span class='ocrx_word' id='word_1_25' title='bbox 269 554 271 557; x_wconf 84' lang='lat'><em>.</em></span> <span class='ocrx_word' id='word_1_26' title='bbox 727 529 819 571; x_wconf 69' lang='lat' dir='ltr'>ibid.</span> 
     </span>
     <span class='ocr_line' id='line_1_8' title="bbox 73 581 819 638; baseline -0.001 -12"><span class='ocrx_word' id='word_1_27' title='bbox 73 586 275 627; x_wconf 70' lang='lat' dir='ltr'>Pet-motus</span> <span class='ocrx_word' id='word_1_28' title='bbox 295 581 423 622; x_wconf 78' lang='lat' dir='ltr'>nescio</span> <span class='ocrx_word' id='word_1_29' title='bbox 443 598 517 638; x_wconf 81' lang='lat' dir='ltr'>qua</span> <span class='ocrx_word' id='word_1_30' title='bbox 538 586 655 624; x_wconf 81' lang='lat' dir='ltr'>animi</span> <span class='ocrx_word' id='word_1_31' title='bbox 671 585 819 626; x_wconf 85' lang='lat' dir='ltr'>diuina-</span> 
     </span>
     <span class='ocr_line' id='line_1_9' title="bbox 130 643 818 697; baseline 0.001 -16"><span class='ocrx_word' id='word_1_32' title='bbox 130 643 238 681; x_wconf 87' lang='lat' dir='ltr'>tione</span> <span class='ocrx_word' id='word_1_33' title='bbox 614 656 650 695; x_wconf 84' lang='lat'>3,</span> <span class='ocrx_word' id='word_1_34' title='bbox 677 654 741 695; x_wconf 87' lang='lat'>13,</span> <span class='ocrx_word' id='word_1_35' title='bbox 760 654 818 697; x_wconf 88' lang='lat'>79</span> 
     </span>
     <span class='ocr_line' id='line_1_10' title="bbox 74 714 814 765; baseline -0.001 -12"><span class='ocrx_word' id='word_1_36' title='bbox 74 714 308 756; x_wconf 82' lang='lat' dir='ltr'>Permutare</span> <span class='ocrx_word' id='word_1_37' title='bbox 328 714 541 765; x_wconf 80' lang='lat' dir='ltr'>pecuniam.</span> <span class='ocrx_word' id='word_1_38' title='bbox 613 714 657 752; x_wconf 83' lang='lat' dir='ltr'>Se</span> <span class='ocrx_word' id='word_1_39' title='bbox 678 716 732 752; x_wconf 89' lang='lat' dir='ltr'>ait</span> <span class='ocrx_word' id='word_1_40' title='bbox 754 728 814 752; x_wconf 87' lang='lat' dir='ltr'>cu-</span> 
     </span>
     <span class='ocr_line' id='line_1_11' title="bbox 131 768 818 830; baseline 0.001 -22"><span class='ocrx_word' id='word_1_41' title='bbox 131 768 236 830; x_wconf 68' lang='lat' dir='ltr'>rati&#39;e,</span> <span class='ocrx_word' id='word_1_42' title='bbox 256 779 297 806; x_wconf 83' lang='lat' dir='ltr'>vt</span> <span class='ocrx_word' id='word_1_43' title='bbox 318 781 400 807; x_wconf 76' lang='lat' dir='ltr'>cuin</span> <span class='ocrx_word' id='word_1_44' title='bbox 424 770 577 822; x_wconf 78' lang='lat' dir='ltr'>quaestu</span> <span class='ocrx_word' id='word_1_45' title='bbox 599 769 734 823; x_wconf 86' lang='lat' dir='ltr'>populi</span> <span class='ocrx_word' id='word_1_46' title='bbox 754 784 818 824; x_wconf 88' lang='lat' dir='ltr'>pe-</span> 
     </span>
     <span class='ocr_line' id='line_1_12' title="bbox 129 828 818 880; baseline 0.004 -17"><span class='ocrx_word' id='word_1_47' title='bbox 129 828 239 865; x_wconf 83' lang='lat' dir='ltr'>cunia</span> <span class='ocrx_word' id='word_1_48' title='bbox 273 837 555 878; x_wconf 78' lang='lat' dir='ltr'>permutaretur</span> <span class='ocrx_word' id='word_1_49' title='bbox 623 837 741 879; x_wconf 80' lang='lat'>2.17,</span> <span class='ocrx_word' id='word_1_50' title='bbox 764 839 818 880; x_wconf 87' lang='grc'>50</span> 
     </span>
     <span class='ocr_line' id='line_1_13' title="bbox 76 884 817 937; baseline -0.001 -14"><span class='ocrx_word' id='word_1_51' title='bbox 76 884 328 926; x_wconf 75' lang='lat' dir='ltr'><em>Permutatio.</em></span> <span class='ocrx_word' id='word_1_52' title='bbox 387 886 486 921; x_wconf 86' lang='lat' dir='ltr'>Dum</span> <span class='ocrx_word' id='word_1_53' title='bbox 506 885 663 936; x_wconf 85' lang='lat' dir='ltr'>pecunia</span> <span class='ocrx_word' id='word_1_54' title='bbox 683 886 817 937; x_wconf 80' lang='lat' dir='ltr'>accipi-</span> 
     </span>
     <span class='ocr_line' id='line_1_14' title="bbox 133 940 818 995; baseline 0.001 -17"><span class='ocrx_word' id='word_1_55' title='bbox 133 949 208 985; x_wconf 78' lang='lat' dir='ltr'>tur,</span> <span class='ocrx_word' id='word_1_56' title='bbox 232 952 329 990; x_wconf 78' lang='lat' dir='ltr'>quae</span> <span class='ocrx_word' id='word_1_57' title='bbox 355 941 449 978; x_wconf 84' lang='lat' dir='ltr'>mihi</span> <span class='ocrx_word' id='word_1_58' title='bbox 479 954 523 978; x_wconf 81' lang='lat' dir='ltr'>ex</span> <span class='ocrx_word' id='word_1_59' title='bbox 551 940 703 995; x_wconf 86' lang='lat' dir='ltr'>publica</span> <span class='ocrx_word' id='word_1_60' title='bbox 734 954 818 994; x_wconf 86' lang='lat' dir='ltr'>per-</span> 
     </span>
     <span class='ocr_line' id='line_1_15' title="bbox 133 997 532 1035; baseline 0.005 -2"><span class='ocrx_word' id='word_1_61' title='bbox 133 1007 347 1034; x_wconf 74' lang='lat' dir='ltr'>mutatione</span> <span class='ocrx_word' id='word_1_62' title='bbox 373 997 532 1035; x_wconf 81' lang='lat' dir='ltr'>debetur</span> 
     </span>
     <span class='ocr_line' id='line_1_16' title="bbox 76 1054 819 1107; baseline 0.001 -16"><span class='ocrx_word' id='word_1_63' title='bbox 76 1054 284 1105; x_wconf 68' lang='lat' dir='ltr'>Persequar</span> <span class='ocrx_word' id='word_1_64' title='bbox 304 1067 435 1092; x_wconf 85' lang='lat' dir='ltr'>omncs</span> <span class='ocrx_word' id='word_1_65' title='bbox 458 1068 551 1096; x_wconf 73' lang='lat' dir='ltr'>vas,</span> <span class='ocrx_word' id='word_1_66' title='bbox 582 1055 723 1106; x_wconf 86' lang='lat' dir='ltr'>quibus</span> <span class='ocrx_word' id='word_1_67' title='bbox 752 1069 819 1107; x_wconf 89' lang='lat' dir='ltr'>pu-</span> 
     </span>
     <span class='ocr_line' id='line_1_17' title="bbox 135 1109 817 1164; baseline 0 -15"><span class='ocrx_word' id='word_1_68' title='bbox 135 1112 224 1149; x_wconf 82' lang='lat' dir='ltr'>tabo</span> <span class='ocrx_word' id='word_1_69' title='bbox 246 1109 293 1148; x_wconf 81' lang='lat' dir='ltr'>ad</span> <span class='ocrx_word' id='word_1_70' title='bbox 315 1113 364 1154; x_wconf 65' lang='lat' dir='ltr'>nt</span> <span class='ocrx_word' id='word_1_71' title='bbox 390 1111 492 1163; x_wconf 90' lang='lat' dir='ltr'>quod</span> <span class='ocrx_word' id='word_1_72' title='bbox 516 1109 704 1156; x_wconf 82' lang='lat' dir='ltr'>volumus,</span> <span class='ocrx_word' id='word_1_73' title='bbox 733 1125 817 1164; x_wconf 86' lang='lat' dir='ltr'>per-</span> 
     </span>
     <span class='ocr_line' id='line_1_18' title="bbox 133 1166 816 1220; baseline 0.001 -15"><span class='ocrx_word' id='word_1_74' title='bbox 133 1166 270 1206; x_wconf 72' lang='lat' dir='ltr'>venire</span> <span class='ocrx_word' id='word_1_75' title='bbox 315 1169 418 1220; x_wconf 80' lang='lat' dir='ltr'>possc</span> <span class='ocrx_word' id='word_1_76' title='bbox 459 1182 500 1220; x_wconf 84' lang='lat'>4,</span> <span class='ocrx_word' id='word_1_77' title='bbox 525 1179 574 1219; x_wconf 95' lang='grc'>13</span> <span class='ocrx_word' id='word_1_78' title='bbox 611 1179 702 1209; x_wconf 87' lang='grc'><strong>101.</strong></span> <span class='ocrx_word' id='word_1_79' title='bbox 772 1181 816 1206; x_wconf 83' lang='lat' dir='ltr'>ea</span> 
     </span>
     <span class='ocr_line' id='line_1_19' title="bbox 135 1223 816 1278; baseline 0.001 -16"><span class='ocrx_word' id='word_1_80' title='bbox 135 1237 233 1278; x_wconf 82' lang='lat' dir='ltr'>quac</span> <span class='ocrx_word' id='word_1_81' title='bbox 246 1223 461 1276; x_wconf 71' lang='lat' dir='ltr'>persecutus</span> <span class='ocrx_word' id='word_1_82' title='bbox 479 1239 516 1262; x_wconf 80' lang='lat' dir='ltr'>es</span> <span class='ocrx_word' id='word_1_83' title='bbox 543 1227 724 1276; x_wconf 74' lang='lat' dir='ltr'>icriptura</span> <span class='ocrx_word' id='word_1_84' title='bbox 751 1234 816 1276; x_wconf 89' lang='grc'>15,</span> 
     </span>
     <span class='ocr_line' id='line_1_20' title="bbox 131 1279 815 1334; baseline -0.004 -13"><span class='ocrx_word' id='word_1_85' title='bbox 131 1292 202 1327; x_wconf 85' lang='lat'>21,</span> <span class='ocrx_word' id='word_1_86' title='bbox 222 1287 318 1334; x_wconf 85' lang='lat'>487.</span> <span class='ocrx_word' id='word_1_87' title='bbox 349 1280 522 1334; x_wconf 76' lang='lat' dir='ltr'>persequi</span> <span class='ocrx_word' id='word_1_88' title='bbox 547 1279 714 1332; x_wconf 79' lang='lat' dir='ltr'>aliquem</span> <span class='ocrx_word' id='word_1_89' title='bbox 737 1281 815 1319; x_wconf 89' lang='lat' dir='ltr'>bel-</span> 
     </span>
     <span class='ocr_line' id='line_1_21' title="bbox 129 1336 817 1389; baseline -0.004 -12"><span class='ocrx_word' id='word_1_90' title='bbox 129 1336 169 1377; x_wconf 89' lang='lat' dir='ltr'>lo</span> <span class='ocrx_word' id='word_1_91' title='bbox 197 1350 261 1382; x_wconf 87' lang='lat'>10,</span> <span class='ocrx_word' id='word_1_92' title='bbox 285 1338 466 1389; x_wconf 61' lang='lat'>153‘28&#39;0&#39;.</span> <span class='ocrx_word' id='word_1_93' title='bbox 522 1349 558 1375; x_wconf 85' lang='lat' dir='ltr'>et</span> <span class='ocrx_word' id='word_1_94' title='bbox 579 1348 744 1375; x_wconf 82' lang='lat' dir='ltr'>extrema</span> <span class='ocrx_word' id='word_1_95' title='bbox 766 1337 817 1375; x_wconf 56' lang='lat' dir='ltr'>sass</span> 
     </span>
     <span class='ocr_line' id='line_1_22' title="bbox 126 1393 816 1449; baseline -0.001 -17"><span class='ocrx_word' id='word_1_96' title='bbox 126 1398 278 1449; x_wconf 73' lang='lat' dir='ltr'>pientes</span> <span class='ocrx_word' id='word_1_97' title='bbox 307 1394 485 1446; x_wconf 79' lang='lat' dir='ltr'>persequi</span> <span class='ocrx_word' id='word_1_98' title='bbox 516 1393 686 1432; x_wconf 74' lang='lat' dir='ltr'>nolucris</span> <span class='ocrx_word' id='word_1_99' title='bbox 712 1407 750 1445; x_wconf 85' lang='lat'>4,</span> <span class='ocrx_word' id='word_1_100' title='bbox 776 1406 816 1447; x_wconf 86' lang='lat'>9,</span> 
     </span>
    </p>

    <p class='ocr_par' dir='ltr' id='par_1_5' title="bbox 71 1451 816 1561">
     <span class='ocr_line' id='line_1_23' title="bbox 71 1451 816 1505; baseline 0.001 -16"><span class='ocrx_word' id='word_1_101' title='bbox 71 1468 77 1474; x_wconf 93' lang='lat'><em>·</em></span> <span class='ocrx_word' id='word_1_102' title='bbox 128 1454 197 1505; x_wconf 88' lang='lat'>96.</span> <span class='ocrx_word' id='word_1_103' title='bbox 236 1453 411 1504; x_wconf 74' lang='lat' dir='ltr'>pei-{equi</span> <span class='ocrx_word' id='word_1_104' title='bbox 443 1464 551 1504; x_wconf 72' lang='lat' dir='ltr'>opus,</span> <span class='ocrx_word' id='word_1_105' title='bbox 581 1451 685 1503; x_wconf 85' lang='lat' dir='ltr'>quod</span> <span class='ocrx_word' id='word_1_106' title='bbox 706 1453 816 1490; x_wconf 82' lang='lat' dir='ltr'>restat</span> 
     </span>
     <span class='ocr_line' id='line_1_24' title="bbox 131 1508 816 1561; baseline -0.006 -12"><span class='ocrx_word' id='word_1_107' title='bbox 131 1520 197 1555; x_wconf 90' lang='lat'>10,</span> <span class='ocrx_word' id='word_1_108' title='bbox 209 1520 277 1560; x_wconf 83' lang='grc'>25,</span> <span class='ocrx_word' id='word_1_109' title='bbox 291 1518 384 1555; x_wconf 84' lang='lat'><em>302.</em></span> <span class='ocrx_word' id='word_1_110' title='bbox 415 1508 589 1560; x_wconf 73' lang='lat' dir='ltr'>persequi</span> <span class='ocrx_word' id='word_1_111' title='bbox 606 1522 748 1561; x_wconf 82' lang='lat' dir='ltr'>poenas</span> <span class='ocrx_word' id='word_1_112' title='bbox 760 1511 816 1546; x_wconf 86' lang='lat' dir='ltr'>iu-</span> 
     </span>
    </p>

    <p class='ocr_par' dir='ltr' id='par_1_6' title="bbox 72 1564 815 1860">
     <span class='ocr_line' id='line_1_25' title="bbox 74 1564 809 1618; baseline 0.001 -14"><span class='ocrx_word' id='word_1_113' title='bbox 74 1584 77 1587; x_wconf 97' lang='lat'>·</span> <span class='ocrx_word' id='word_1_114' title='bbox 127 1566 231 1604; x_wconf 79' lang='lat' dir='ltr'>dicio</span> <span class='ocrx_word' id='word_1_115' title='bbox 255 1579 275 1602; x_wconf 92' lang='lat' dir='ltr'>a</span> <span class='ocrx_word' id='word_1_116' title='bbox 307 1564 485 1603; x_wconf 77' lang='lat' dir='ltr'>seditioso</span> <span class='ocrx_word' id='word_1_117' title='bbox 514 1569 596 1603; x_wconf 89' lang='lat' dir='ltr'>ciue</span> <span class='ocrx_word' id='word_1_118' title='bbox 643 1576 678 1611; x_wconf 90' lang='lat'>1,</span> <span class='ocrx_word' id='word_1_119' title='bbox 703 1577 742 1618; x_wconf 89' lang='grc'>9,</span> <span class='ocrx_word' id='word_1_120' title='bbox 761 1575 809 1605; x_wconf 89' lang='lat'>21</span> 
     </span>
     <span class='ocr_line' id='line_1_26' title="bbox 72 1632 814 1688; baseline -0.007 -11"><span class='ocrx_word' id='word_1_121' title='bbox 72 1635 358 1681; x_wconf 81' lang='lat' dir='ltr'>Perseuerantia</span> <span class='ocrx_word' id='word_1_122' title='bbox 424 1637 464 1674; x_wconf 88' lang='lat' dir='ltr'>in</span> <span class='ocrx_word' id='word_1_123' title='bbox 528 1632 814 1688; x_wconf 68' lang='lat' dir='ltr'>contemptione</span> 
     </span>
     <span class='ocr_line' id='line_1_27' title="bbox 129 1693 812 1747; baseline -0.001 -14"><span class='ocrx_word' id='word_1_124' title='bbox 129 1694 268 1747; x_wconf 85' lang='lat' dir='ltr'>optimi</span> <span class='ocrx_word' id='word_1_125' title='bbox 288 1693 472 1745; x_wconf 86' lang='lat' dir='ltr'>cuiusque</span> <span class='ocrx_word' id='word_1_126' title='bbox 574 1703 637 1732; x_wconf 64' lang='lat'>12⁴</span> <span class='ocrx_word' id='word_1_127' title='bbox 654 1704 707 1743; x_wconf 85' lang='lat'>14</span> <span class='ocrx_word' id='word_1_128' title='bbox 734 1698 812 1744; x_wconf 80' lang='lat'>358</span> 
     </span>
     <span class='ocr_line' id='line_1_28' title="bbox 72 1748 815 1801; baseline -0.007 -10"><span class='ocrx_word' id='word_1_129' title='bbox 72 1753 280 1800; x_wconf 45' lang='lat' dir='ltr'>Personam</span> <span class='ocrx_word' id='word_1_130' title='bbox 303 1750 493 1788; x_wconf 61' lang='lat' dir='ltr'>induzere.</span> <span class='ocrx_word' id='word_1_131' title='bbox 537 1750 633 1787; x_wconf 82' lang='lat' dir='ltr'>Mira</span> <span class='ocrx_word' id='word_1_132' title='bbox 655 1748 815 1801; x_wconf 86' lang='lat' dir='ltr'>persona</span> 
     </span>
     <span class='ocr_line' id='line_1_29' title="bbox 130 1806 815 1860; baseline -0.004 -15"><span class='ocrx_word' id='word_1_133' title='bbox 130 1806 260 1846; x_wconf 78' lang='lat' dir='ltr'>induci</span> <span class='ocrx_word' id='word_1_134' title='bbox 299 1807 421 1860; x_wconf 84' lang='lat' dir='ltr'>potest</span> <span class='ocrx_word' id='word_1_135' title='bbox 460 1807 668 1845; x_wconf 83' lang='lat' dir='ltr'>Britannici</span> <span class='ocrx_word' id='word_1_136' title='bbox 704 1807 815 1844; x_wconf 87' lang='lat' dir='ltr'>iuris-</span> 
     </span>
    </p>

    <p class='ocr_par' dir='ltr' id='par_1_7' title="bbox 74 1860 818 2033">
     <span class='ocr_line' id='line_1_30' title="bbox 97 1860 813 1915; baseline 0.001 -13"><span class='ocrx_word' id='word_1_137' title='bbox 97 1860 99 1864; x_wconf 66' lang='grc'><strong>’</strong></span> <span class='ocrx_word' id='word_1_138' title='bbox 129 1862 293 1904; x_wconf 84' lang='lat' dir='ltr'>consulti</span> <span class='ocrx_word' id='word_1_139' title='bbox 585 1874 625 1915; x_wconf 66' lang='lat'>7,</span> <span class='ocrx_word' id='word_1_140' title='bbox 648 1873 711 1903; x_wconf 79' lang='lat'>11.</span> <span class='ocrx_word' id='word_1_141' title='bbox 734 1868 813 1915; x_wconf 84' lang='lat'>183</span> 
     </span>
     <span class='ocr_line' id='line_1_31' title="bbox 74 1917 818 1964; baseline -0.009 -1"><span class='ocrx_word' id='word_1_142' title='bbox 74 1921 281 1964; x_wconf 63' lang='lat' dir='ltr'>personare</span> <span class='ocrx_word' id='word_1_143' title='bbox 308 1933 422 1958; x_wconf 70' lang='lat' dir='ltr'>aures</span> <span class='ocrx_word' id='word_1_144' title='bbox 449 1920 530 1958; x_wconf 86' lang='lat' dir='ltr'>eius</span> <span class='ocrx_word' id='word_1_145' title='bbox 564 1918 702 1958; x_wconf 87' lang='lat' dir='ltr'>talibus</span> <span class='ocrx_word' id='word_1_146' title='bbox 732 1917 818 1956; x_wconf 81' lang='lat' dir='ltr'>scri-</span> 
     </span>
     <span class='ocr_line' id='line_1_32' title="bbox 129 1975 813 2033; baseline 0 -16"><span class='ocrx_word' id='word_1_147' title='bbox 129 1980 202 2033; x_wconf 86' lang='lat' dir='ltr'>ptis</span> <span class='ocrx_word' id='word_1_148' title='bbox 221 1991 300 2016; x_wconf 89' lang='lat' dir='ltr'>non</span> <span class='ocrx_word' id='word_1_149' title='bbox 322 1979 374 2016; x_wconf 88' lang='lat' dir='ltr'>est</span> <span class='ocrx_word' id='word_1_150' title='bbox 392 1975 528 2016; x_wconf 90' lang='lat' dir='ltr'>inutile</span> <span class='ocrx_word' id='word_1_151' title='bbox 586 1979 624 2025; x_wconf 90' lang='lat'>6,</span> <span class='ocrx_word' id='word_1_152' title='bbox 649 1983 715 2025; x_wconf 85' lang='lat'>18,</span> <span class='ocrx_word' id='word_1_153' title='bbox 737 1978 813 2028; x_wconf 91' lang='grc'>165</span> 
     </span>
    </p>
   </div>
   <div class='ocr_carea' id='block_1_3' title="bbox 66 2044 815 2611">
    <p class='ocr_par' dir='ltr' id='par_1_8' title="bbox 66 2044 815 2611">
     <span class='ocr_line' id='line_1_33' title="bbox 72 2044 814 2103; baseline -0.005 -15"><span class='ocrx_word' id='word_1_154' title='bbox 72 2048 286 2103; x_wconf 84' lang='lat' dir='ltr'>Perspicere</span> <span class='ocrx_word' id='word_1_155' title='bbox 307 2047 530 2087; x_wconf 84' lang='lat' dir='ltr'>sententiam</span> <span class='ocrx_word' id='word_1_156' title='bbox 559 2060 681 2086; x_wconf 83' lang='lat' dir='ltr'>meam</span> <span class='ocrx_word' id='word_1_157' title='bbox 703 2044 814 2085; x_wconf 75' lang='lat' dir='ltr'>facile</span> 
     </span>
     <span class='ocr_line' id='line_1_34' title="bbox 126 2105 815 2162; baseline 0.003 -18"><span class='ocrx_word' id='word_1_158' title='bbox 126 2107 283 2160; x_wconf 83' lang='lat' dir='ltr'>potuisti</span> <span class='ocrx_word' id='word_1_159' title='bbox 611 2117 665 2162; x_wconf 47' lang='grc'>’2,</span> <span class='ocrx_word' id='word_1_160' title='bbox 684 2106 746 2150; x_wconf 84' lang='grc'>16,</span> <span class='ocrx_word' id='word_1_161' title='bbox 762 2105 815 2155; x_wconf 88' lang='lat'>46</span> 
     </span>
     <span class='ocr_line' id='line_1_35' title="bbox 71 2161 815 2213; baseline -0.004 -10"><span class='ocrx_word' id='word_1_162' title='bbox 71 2161 383 2212; x_wconf 69' lang='lat' dir='ltr'>Persuafiffimum</span> <span class='ocrx_word' id='word_1_163' title='bbox 402 2161 498 2200; x_wconf 88' lang='lat' dir='ltr'>mihi</span> <span class='ocrx_word' id='word_1_164' title='bbox 516 2161 567 2200; x_wconf 82' lang='lat' dir='ltr'>est</span> <span class='ocrx_word' id='word_1_165' title='bbox 602 2171 663 2206; x_wconf 86' lang='grc'>11,</span> <span class='ocrx_word' id='word_1_166' title='bbox 679 2172 718 2212; x_wconf 82' lang='grc'>9,</span> <span class='ocrx_word' id='word_1_167' title='bbox 734 2171 815 2213; x_wconf 85' lang='lat'>324</span> 
     </span>
     <span class='ocr_line' id='line_1_36' title="bbox 71 2222 812 2270; baseline -0.004 -10"><span class='ocrx_word' id='word_1_168' title='bbox 71 2222 267 2260; x_wconf 81' lang='lat' dir='ltr'>Perterriti</span> <span class='ocrx_word' id='word_1_169' title='bbox 293 2229 396 2258; x_wconf 86' lang='lat' dir='ltr'>metu</span> <span class='ocrx_word' id='word_1_170' title='bbox 611 2229 641 2270; x_wconf 92' lang='lat'>4</span> <span class='ocrx_word' id='word_1_171' title='bbox 674 2229 741 2262; x_wconf 84' lang='grc'>12,</span> <span class='ocrx_word' id='word_1_172' title='bbox 757 2228 812 2269; x_wconf 91' lang='lat'>99</span> 
     </span>
     <span class='ocr_line' id='line_1_37' title="bbox 66 2274 814 2327; baseline -0.004 -10"><span class='ocrx_word' id='word_1_173' title='bbox 66 2278 280 2317; x_wconf 80' lang='lat' dir='ltr'>Pertinacia</span> <span class='ocrx_word' id='word_1_174' title='bbox 311 2274 403 2316; x_wconf 91' lang='lat' dir='ltr'>belli</span> <span class='ocrx_word' id='word_1_175' title='bbox 575 2287 589 2315; x_wconf 93' lang='grc'>1</span> <span class='ocrx_word' id='word_1_176' title='bbox 601 2285 638 2327; x_wconf 88' lang='grc'>5,</span> <span class='ocrx_word' id='word_1_177' title='bbox 653 2285 670 2315; x_wconf 95' lang='grc'>1</span> <span class='ocrx_word' id='word_1_178' title='bbox 682 2286 716 2326; x_wconf 68' lang='grc'><strong>5,,</strong></span> <span class='ocrx_word' id='word_1_179' title='bbox 728 2283 814 2326; x_wconf 90' lang='lat'>470</span> 
     </span>
     <span class='ocr_line' id='line_1_38' title="bbox 69 2330 811 2378; baseline -0.012 -1"><span class='ocrx_word' id='word_1_180' title='bbox 69 2335 238 2377; x_wconf 76' lang='lat' dir='ltr'>Pertinet</span> <span class='ocrx_word' id='word_1_181' title='bbox 282 2333 329 2372; x_wconf 90' lang='lat' dir='ltr'>ad</span> <span class='ocrx_word' id='word_1_182' title='bbox 368 2330 537 2371; x_wconf 83' lang='lat' dir='ltr'>officium</span> <span class='ocrx_word' id='word_1_183' title='bbox 565 2345 708 2378; x_wconf 87' lang='lat' dir='ltr'>meum,</span> <span class='ocrx_word' id='word_1_184' title='bbox 744 2344 811 2368; x_wconf 85' lang='lat' dir='ltr'>eos</span> 
     </span>
     <span class='ocr_line' id='line_1_39' title="bbox 124 2387 811 2431; baseline -0.009 0"><span class='ocrx_word' id='word_1_185' title='bbox 124 2392 336 2431; x_wconf 83' lang='lat' dir='ltr'>existimare</span> <span class='ocrx_word' id='word_1_186' title='bbox 375 2402 485 2428; x_wconf 89' lang='lat' dir='ltr'>curae</span> <span class='ocrx_word' id='word_1_187' title='bbox 514 2388 609 2427; x_wconf 88' lang='lat' dir='ltr'>mihi</span> <span class='ocrx_word' id='word_1_188' title='bbox 639 2387 719 2426; x_wconf 86' lang='lat' dir='ltr'>suas</span> <span class='ocrx_word' id='word_1_189' title='bbox 753 2401 811 2425; x_wconf 87' lang='lat' dir='ltr'>res</span> 
     </span>
     <span class='ocr_line' id='line_1_40' title="bbox 126 2442 811 2500; baseline -0.006 -14"><span class='ocrx_word' id='word_1_190' title='bbox 126 2447 200 2487; x_wconf 78' lang='lat' dir='ltr'>effe</span> <span class='ocrx_word' id='word_1_191' title='bbox 231 2459 289 2500; x_wconf 62' lang='lat'>¹3=</span> <span class='ocrx_word' id='word_1_192' title='bbox 310 2453 380 2494; x_wconf 78' lang='lat'>28,</span> <span class='ocrx_word' id='word_1_193' title='bbox 402 2458 498 2500; x_wconf 88' lang='lat'><em>405.</em></span> <span class='ocrx_word' id='word_1_194' title='bbox 540 2445 587 2484; x_wconf 86' lang='lat' dir='ltr'>ad</span> <span class='ocrx_word' id='word_1_195' title='bbox 620 2459 682 2483; x_wconf 86' lang='lat' dir='ltr'>mc</span> <span class='ocrx_word' id='word_1_196' title='bbox 703 2442 811 2483; x_wconf 88' lang='lat' dir='ltr'>intel·</span> 
     </span>
     <span class='ocr_line' id='line_1_41' title="bbox 123 2500 810 2556; baseline -0.007 -12"><span class='ocrx_word' id='word_1_197' title='bbox 123 2503 266 2554; x_wconf 80' lang='lat' dir='ltr'>ligebat</span> <span class='ocrx_word' id='word_1_198' title='bbox 286 2505 368 2543; x_wconf 82' lang='lat' dir='ltr'>eius</span> <span class='ocrx_word' id='word_1_199' title='bbox 386 2502 476 2542; x_wconf 86' lang='lat' dir='ltr'>belli</span> <span class='ocrx_word' id='word_1_200' title='bbox 496 2500 707 2556; x_wconf 85' lang='lat' dir='ltr'>periculum</span> <span class='ocrx_word' id='word_1_201' title='bbox 727 2516 810 2554; x_wconf 88' lang='lat' dir='ltr'>per-</span> 
     </span>
     <span class='ocr_line' id='line_1_42' title="bbox 124 2562 810 2611; baseline -0.007 -11"><span class='ocrx_word' id='word_1_202' title='bbox 124 2562 247 2600; x_wconf 88' lang='lat' dir='ltr'>tinere</span> <span class='ocrx_word' id='word_1_203' title='bbox 605 2571 646 2606; x_wconf 86' lang='lat'>2,</span> <span class='ocrx_word' id='word_1_204' title='bbox 675 2571 734 2611; x_wconf 79' lang='lat'>17,</span> <span class='ocrx_word' id='word_1_205' title='bbox 757 2569 810 2611; x_wconf 83' lang='lat'>50</span> 
     </span>
    </p>
   </div>
   <div class='ocr_carea' id='block_1_4' title="bbox 67 2628 809 2800">
    <p class='ocr_par' dir='ltr' id='par_1_9' title="bbox 67 2628 809 2800">
     <span class='ocr_line' id='line_1_43' title="bbox 67 2628 809 2682; baseline -0.001 -11"><span class='ocrx_word' id='word_1_206' title='bbox 67 2628 373 2672; x_wconf 67' lang='lat' dir='ltr'>pertumultuose</span> <span class='ocrx_word' id='word_1_207' title='bbox 568 2639 634 2682; x_wconf 83' lang='lat'>15,</span> <span class='ocrx_word' id='word_1_208' title='bbox 663 2641 703 2681; x_wconf 77' lang='grc'>4,</span> <span class='ocrx_word' id='word_1_209' title='bbox 723 2631 809 2680; x_wconf 83' lang='grc'><strong>456</strong></span> 
     </span>
     <span class='ocr_line' id='line_1_44' title="bbox 68 2686 807 2738; baseline -0.004 -9"><span class='ocrx_word' id='word_1_210' title='bbox 68 2690 309 2730; x_wconf 77' lang='lat' dir='ltr'>Perturbatio</span> <span class='ocrx_word' id='word_1_211' title='bbox 358 2686 476 2726; x_wconf 87' lang='lat' dir='ltr'>animi</span> <span class='ocrx_word' id='word_1_212' title='bbox 533 2696 575 2738; x_wconf 91' lang='lat'>7,</span> <span class='ocrx_word' id='word_1_213' title='bbox 615 2696 680 2733; x_wconf 77' lang='lat'>13,</span> <span class='ocrx_word' id='word_1_214' title='bbox 715 2692 807 2735; x_wconf 72' lang='lat'>184.</span> 
     </span>
     <span class='ocr_line' id='line_1_45' title="bbox 73 2742 806 2800; baseline -0.011 -13"><span class='ocrx_word' id='word_1_215' title='bbox 73 2786 76 2788; x_wconf 75' lang='grc'><strong>,</strong></span> <span class='ocrx_word' id='word_1_216' title='bbox 123 2745 362 2800; x_wconf 82' lang='lat' dir='ltr'>perturbatio</span> <span class='ocrx_word' id='word_1_217' title='bbox 393 2754 430 2783; x_wconf 86' lang='lat' dir='ltr'>et</span> <span class='ocrx_word' id='word_1_218' title='bbox 463 2742 633 2781; x_wconf 74' lang='lat' dir='ltr'>consutio</span> <span class='ocrx_word' id='word_1_219' title='bbox 675 2755 806 2780; x_wconf 87' lang='lat' dir='ltr'>rerum</span> 
     </span>
    </p>
   </div>
   <div class='ocr_carea' id='block_1_5' title="bbox 76 2785 1116 2864">
    <p class='ocr_par' dir='ltr' id='par_1_10' title="bbox 76 2785 1116 2864">
     <span class='ocr_line' id='line_1_46' title="bbox 76 2785 1116 2864; baseline -0.013 -20"><span class='ocrx_word' id='word_1_220' title='bbox 76 2859 81 2864; x_wconf 16' lang='grc' dir='ltr'>ἱ</span> <span class='ocrx_word' id='word_1_221' title='bbox 123 2814 162 2857; x_wconf 72' lang='grc'>4,</span> <span class='ocrx_word' id='word_1_222' title='bbox 184 2815 222 2854; x_wconf 83' lang='grc'>4,</span> <span class='ocrx_word' id='word_1_223' title='bbox 247 2809 312 2856; x_wconf 79' lang='lat'>85.</span> <span class='ocrx_word' id='word_1_224' title='bbox 350 2801 589 2854; x_wconf 81' lang='lat' dir='ltr'>perturbatio</span> <span class='ocrx_word' id='word_1_225' title='bbox 611 2800 806 2844; x_wconf 75' lang='lat' dir='ltr'>orbister·</span> <span class='ocrx_word' id='word_1_226' title='bbox 860 2787 889 2824; x_wconf 83' lang='grc' dir='ltr'><strong><em>Ρ</em></strong></span> <span class='ocrx_word' id='word_1_227' title='bbox 891 2785 1116 2827; x_wconf 72' lang='lat' dir='ltr'>hilomelum</span> 
     </span>
    </p>
   </div>
   <div class='ocr_carea' id='block_1_6' title="bbox 659 1004 882 1050">
    <p class='ocr_par' dir='ltr' id='par_1_11' title="bbox 659 1004 882 1050">
     <span class='ocr_line' id='line_1_47' title="bbox 659 1004 882 1050; baseline -0.031 0"><span class='ocrx_word' id='word_1_228' title='bbox 659 1004 813 1050; x_wconf 68' lang='lat'>3-5258</span> <span class='ocrx_word' id='word_1_229' title='bbox 879 1040 882 1043; x_wconf 19' lang='grc' dir='ltr'><strong>Α</strong></span> 
     </span>
    </p>
   </div>
   <div class='ocr_carea' id='block_1_7' title="bbox 873 238 1623 1459">
    <p class='ocr_par' dir='ltr' id='par_1_12' title="bbox 887 238 1621 412">
     <span class='ocr_line' id='line_1_48' title="bbox 887 238 1621 298; baseline 0 -13"><span class='ocrx_word' id='word_1_230' title='bbox 887 238 900 244; x_wconf 57' lang='grc'><strong>”</strong></span> <span class='ocrx_word' id='word_1_231' title='bbox 937 258 1066 285; x_wconf 83' lang='lat' dir='ltr'>rarum</span> <span class='ocrx_word' id='word_1_232' title='bbox 1101 257 1143 290; x_wconf 84' lang='grc'>2,</span> <span class='ocrx_word' id='word_1_233' title='bbox 1169 246 1233 293; x_wconf 90' lang='lat'>16,</span> <span class='ocrx_word' id='word_1_234' title='bbox 1253 255 1322 298; x_wconf 90' lang='lat'>47.</span> <span class='ocrx_word' id='word_1_235' title='bbox 1380 245 1621 297; x_wconf 80' lang='lat' dir='ltr'>perturbatio</span> 
     </span>
     <span class='ocr_line' id='line_1_49' title="bbox 934 300 1621 356; baseline 0 -15"><span class='ocrx_word' id='word_1_236' title='bbox 934 303 1043 355; x_wconf 77' lang='lat' dir='ltr'>(Ei-n.</span> <span class='ocrx_word' id='word_1_237' title='bbox 1066 300 1254 355; x_wconf 86' lang='lat' dir='ltr'>prolatio)</span> <span class='ocrx_word' id='word_1_238' title='bbox 1286 312 1502 354; x_wconf 84' lang='lat' dir='ltr'>temporum</span> <span class='ocrx_word' id='word_1_239' title='bbox 1537 316 1621 356; x_wconf 83' lang='lat' dir='ltr'>per-</span> 
     </span>
     <span class='ocr_line' id='line_1_50' title="bbox 935 360 1619 412; baseline 0.006 -15"><span class='ocrx_word' id='word_1_240' title='bbox 935 360 1127 407; x_wconf 28' lang='lat' dir='ltr'>ditorum*</span> <span class='ocrx_word' id='word_1_241' title='bbox 1167 404 1170 408; x_wconf 35' lang='grc' dir='ltr'>Ι</span> <span class='ocrx_word' id='word_1_242' title='bbox 1384 370 1419 410; x_wconf 79' lang='grc'>5,</span> <span class='ocrx_word' id='word_1_243' title='bbox 1442 362 1505 406; x_wconf 82' lang='grc'>16,</span> <span class='ocrx_word' id='word_1_244' title='bbox 1538 372 1619 412; x_wconf 86' lang='lat'>127</span> 
     </span>
    </p>

    <p class='ocr_par' dir='ltr' id='par_1_13' title="bbox 879 416 1620 525">
     <span class='ocr_line' id='line_1_51' title="bbox 879 416 1620 469; baseline -0.001 -14"><span class='ocrx_word' id='word_1_245' title='bbox 879 418 1123 456; x_wconf 71' lang='lat' dir='ltr'>Perturbatus</span> <span class='ocrx_word' id='word_1_246' title='bbox 1162 416 1293 467; x_wconf 85' lang='lat' dir='ltr'>priore</span> <span class='ocrx_word' id='word_1_247' title='bbox 1331 428 1483 467; x_wconf 60' lang='lat' dir='ltr'>pagiua,</span> <span class='ocrx_word' id='word_1_248' title='bbox 1514 417 1620 469; x_wconf 72' lang='lat' dir='ltr'>paul-</span> 
     </span>
     <span class='ocr_line' id='line_1_52' title="bbox 934 472 1620 525; baseline 0.003 -14"><span class='ocrx_word' id='word_1_249' title='bbox 934 473 1013 512; x_wconf 85' lang='lat' dir='ltr'>lum</span> <span class='ocrx_word' id='word_1_250' title='bbox 1037 472 1154 512; x_wconf 81' lang='lat' dir='ltr'>altera</span> <span class='ocrx_word' id='word_1_251' title='bbox 1179 484 1368 510; x_wconf 68' lang='lat' dir='ltr'>recreatus</span> <span class='ocrx_word' id='word_1_252' title='bbox 1410 476 1460 514; x_wconf 91' lang='lat'>16</span> <span class='ocrx_word' id='word_1_253' title='bbox 1485 481 1620 525; x_wconf 54' lang='lat'>4482</span> 
     </span>
    </p>

    <p class='ocr_par' dir='ltr' id='par_1_14' title="bbox 875 545 1621 596">
     <span class='ocr_line' id='line_1_53' title="bbox 875 545 1621 596; baseline 0 -12"><span class='ocrx_word' id='word_1_254' title='bbox 875 546 1124 584; x_wconf 84' lang='lat' dir='ltr'>Pcruenirent</span> <span class='ocrx_word' id='word_1_255' title='bbox 1164 545 1202 582; x_wconf 89' lang='lat' dir='ltr'>in</span> <span class='ocrx_word' id='word_1_256' title='bbox 1244 557 1366 582; x_wconf 79' lang='lat' dir='ltr'>meam</span> <span class='ocrx_word' id='word_1_257' title='bbox 1399 548 1621 596; x_wconf 60' lang='lat' dir='ltr'>potestatem</span> 
     </span>
    </p>

    <p class='ocr_par' dir='ltr' id='par_1_15' title="bbox 936 600 1623 654">
     <span class='ocr_line' id='line_1_54' title="bbox 936 600 1623 654; baseline -0.001 -12"><span class='ocrx_word' id='word_1_258' title='bbox 936 612 1001 654; x_wconf 78' lang='grc'>15,</span> <span class='ocrx_word' id='word_1_259' title='bbox 1021 614 1063 653; x_wconf 88' lang='lat'>4,</span> <span class='ocrx_word' id='word_1_260' title='bbox 1087 612 1182 653; x_wconf 84' lang='lat'>459.</span> <span class='ocrx_word' id='word_1_261' title='bbox 1225 603 1436 640; x_wconf 49' lang='lat' dir='ltr'>Perua-mue</span> <span class='ocrx_word' id='word_1_262' title='bbox 1454 600 1511 640; x_wconf 78' lang='lat' dir='ltr'>ml</span> <span class='ocrx_word' id='word_1_263' title='bbox 1539 604 1623 642; x_wconf 81' lang='lat' dir='ltr'>exi-</span> 
     </span>
    </p>

    <p class='ocr_par' dir='ltr' id='par_1_16' title="bbox 931 656 1622 709">
     <span class='ocr_line' id='line_1_55' title="bbox 931 656 1622 709; baseline 0.001 -13"><span class='ocrx_word' id='word_1_264' title='bbox 931 668 1029 697; x_wconf 79' lang='lat' dir='ltr'>tum.</span> <span class='ocrx_word' id='word_1_265' title='bbox 1059 662 1156 696; x_wconf 70' lang='lat' dir='ltr'>Luni</span> <span class='ocrx_word' id='word_1_266' title='bbox 1173 671 1230 704; x_wconf 85' lang='lat' dir='ltr'>ea,</span> <span class='ocrx_word' id='word_1_267' title='bbox 1250 671 1348 709; x_wconf 87' lang='lat' dir='ltr'>quae</span> <span class='ocrx_word' id='word_1_268' title='bbox 1376 656 1622 698; x_wconf 86' lang='lat' dir='ltr'>consuleban-</span> 
     </span>
    </p>

    <p class='ocr_par' dir='ltr' id='par_1_17' title="bbox 933 715 1620 767">
     <span class='ocr_line' id='line_1_56' title="bbox 933 715 1620 767; baseline 0.004 -15"><span class='ocrx_word' id='word_1_269' title='bbox 933 725 1009 760; x_wconf 90' lang='lat' dir='ltr'>tur,</span> <span class='ocrx_word' id='word_1_270' title='bbox 1038 715 1083 752; x_wconf 87' lang='lat' dir='ltr'>ad</span> <span class='ocrx_word' id='word_1_271' title='bbox 1106 716 1250 753; x_wconf 85' lang='lat' dir='ltr'>exitum</span> <span class='ocrx_word' id='word_1_272' title='bbox 1274 729 1352 753; x_wconf 80' lang='lat' dir='ltr'>non</span> <span class='ocrx_word' id='word_1_273' title='bbox 1373 717 1620 767; x_wconf 86' lang='lat' dir='ltr'>peruenirent</span> 
     </span>
    </p>

    <p class='ocr_par' dir='ltr' id='par_1_18' title="bbox 937 771 1621 823">
     <span class='ocr_line' id='line_1_57' title="bbox 937 771 1621 823; baseline 0.001 -12"><span class='ocrx_word' id='word_1_274' title='bbox 937 781 1187 823; x_wconf 83' lang='lat'>10,22,297.</span> <span class='ocrx_word' id='word_1_275' title='bbox 1215 772 1418 823; x_wconf 86' lang='lat' dir='ltr'>peruenire</span> <span class='ocrx_word' id='word_1_276' title='bbox 1446 771 1493 810; x_wconf 86' lang='lat' dir='ltr'>ad</span> <span class='ocrx_word' id='word_1_277' title='bbox 1532 772 1621 812; x_wconf 79' lang='lat' dir='ltr'>effe-</span> 
     </span>
    </p>

    <p class='ocr_par' dir='ltr' id='par_1_19' title="bbox 931 829 1621 877">
     <span class='ocr_line' id='line_1_58' title="bbox 931 829 1621 877; baseline 0 -11"><span class='ocrx_word' id='word_1_278' title='bbox 931 829 1034 866; x_wconf 64' lang='lat' dir='ltr'>&amp;um</span> <span class='ocrx_word' id='word_1_279' title='bbox 1056 831 1299 865; x_wconf 73' lang='lat' dir='ltr'>tonnitorum</span> <span class='ocrx_word' id='word_1_280' title='bbox 1325 829 1478 866; x_wconf 79' lang='lat' dir='ltr'>suorum</span> <span class='ocrx_word' id='word_1_281' title='bbox 1503 840 1568 876; x_wconf 88' lang='lat'>10,</span> <span class='ocrx_word' id='word_1_282' title='bbox 1583 837 1621 877; x_wconf 85' lang='lat'>8,</span> 
     </span>
    </p>

    <p class='ocr_par' dir='ltr' id='par_1_20' title="bbox 930 884 1618 938">
     <span class='ocr_line' id='line_1_59' title="bbox 930 884 1618 938; baseline 0.001 -16"><span class='ocrx_word' id='word_1_283' title='bbox 930 890 1026 931; x_wconf 84' lang='lat'>280.</span> <span class='ocrx_word' id='word_1_284' title='bbox 1057 885 1260 937; x_wconf 81' lang='lat' dir='ltr'>peruenire</span> <span class='ocrx_word' id='word_1_285' title='bbox 1281 884 1327 922; x_wconf 89' lang='lat' dir='ltr'>ad</span> <span class='ocrx_word' id='word_1_286' title='bbox 1349 897 1618 938; x_wconf 28' lang='lat' dir='ltr'>nummosv13‚</span> 
     </span>
    </p>

    <p class='ocr_par' dir='ltr' id='par_1_21' title="bbox 934 941 1620 994">
     <span class='ocr_line' id='line_1_60' title="bbox 934 941 1620 994; baseline 0.001 -14"><span class='ocrx_word' id='word_1_287' title='bbox 934 951 998 992; x_wconf 86' lang='lat'>14,</span> <span class='ocrx_word' id='word_1_288' title='bbox 1025 952 1118 992; x_wconf 83' lang='lat'><em>393.</em></span> <span class='ocrx_word' id='word_1_289' title='bbox 1148 943 1352 994; x_wconf 84' lang='lat' dir='ltr'>peruenire</span> <span class='ocrx_word' id='word_1_290' title='bbox 1373 942 1418 980; x_wconf 87' lang='lat' dir='ltr'>ad</span> <span class='ocrx_word' id='word_1_291' title='bbox 1441 941 1546 980; x_wconf 87' lang='lat' dir='ltr'>suum</span> <span class='ocrx_word' id='word_1_292' title='bbox 1566 942 1620 981; x_wconf 87' lang='lat' dir='ltr'>fa-</span> 
     </span>
    </p>

    <p class='ocr_par' dir='ltr' id='par_1_22' title="bbox 931 997 1620 1052">
     <span class='ocr_line' id='line_1_61' title="bbox 931 997 1620 1052; baseline 0.006 -18"><span class='ocrx_word' id='word_1_293' title='bbox 931 997 1072 1035; x_wconf 77' lang='lat' dir='ltr'>culunc</span> <span class='ocrx_word' id='word_1_294' title='bbox 1103 1007 1139 1036; x_wconf 90' lang='lat' dir='ltr'>et</span> <span class='ocrx_word' id='word_1_295' title='bbox 1166 998 1241 1036; x_wconf 82' lang='lat' dir='ltr'>fine</span> <span class='ocrx_word' id='word_1_296' title='bbox 1266 1000 1523 1038; x_wconf 78' lang='lat' dir='ltr'>controuerfia</span> <span class='ocrx_word' id='word_1_297' title='bbox 1554 1012 1620 1052; x_wconf 87' lang='lat'>13,</span> 
     </span>
    </p>

    <p class='ocr_par' dir='ltr' id='par_1_23' title="bbox 931 1051 1619 1107">
     <span class='ocr_line' id='line_1_62' title="bbox 931 1051 1619 1107; baseline 0 -12"><span class='ocrx_word' id='word_1_298' title='bbox 931 1056 1002 1099; x_wconf 86' lang='lat'>26,</span> <span class='ocrx_word' id='word_1_299' title='bbox 1026 1066 1122 1106; x_wconf 86' lang='lat'>403.</span> <span class='ocrx_word' id='word_1_300' title='bbox 1171 1057 1377 1107; x_wconf 84' lang='lat' dir='ltr'>peruenire</span> <span class='ocrx_word' id='word_1_301' title='bbox 1398 1057 1438 1093; x_wconf 88' lang='lat' dir='ltr'>iu</span> <span class='ocrx_word' id='word_1_302' title='bbox 1460 1051 1619 1096; x_wconf 68' lang='lat' dir='ltr'>alicuius</span> 
     </span>
    </p>

    <p class='ocr_par' dir='ltr' id='par_1_24' title="bbox 931 1109 1619 1162">
     <span class='ocr_line' id='line_1_63' title="bbox 931 1109 1619 1162; baseline 0.007 -15"><span class='ocrx_word' id='word_1_303' title='bbox 931 1109 1067 1162; x_wconf 77' lang='lat' dir='ltr'>scriptu</span> <span class='ocrx_word' id='word_1_304' title='bbox 1089 1123 1126 1162; x_wconf 84' lang='grc'>5,</span> <span class='ocrx_word' id='word_1_305' title='bbox 1141 1122 1205 1158; x_wconf 92' lang='grc'>12,</span> <span class='ocrx_word' id='word_1_306' title='bbox 1231 1123 1321 1153; x_wconf 88' lang='grc'><strong>121.</strong></span> <span class='ocrx_word' id='word_1_307' title='bbox 1351 1110 1489 1151; x_wconf 87' lang='lat' dir='ltr'>vellem</span> <span class='ocrx_word' id='word_1_308' title='bbox 1512 1128 1619 1158; x_wconf 73' lang='lat' dir='ltr'>meae</span> 
     </span>
    </p>

    <p class='ocr_par' dir='ltr' id='par_1_25' title="bbox 931 1170 1620 1223">
     <span class='ocr_line' id='line_1_64' title="bbox 931 1170 1620 1223; baseline 0.009 -20"><span class='ocrx_word' id='word_1_309' title='bbox 931 1180 1088 1219; x_wconf 83' lang='lat' dir='ltr'>quoquc</span> <span class='ocrx_word' id='word_1_310' title='bbox 1110 1170 1346 1207; x_wconf 53' lang='lat' dir='ltr'>auctoritatis</span> <span class='ocrx_word' id='word_1_311' title='bbox 1375 1183 1620 1223; x_wconf 69' lang='lat' dir='ltr'>praeceptum</span> 
     </span>
    </p>

    <p class='ocr_par' dir='ltr' id='par_1_26' title="bbox 931 1223 1620 1278">
     <span class='ocr_line' id='line_1_65' title="bbox 931 1223 1620 1278; baseline 0.01 -17"><span class='ocrx_word' id='word_1_312' title='bbox 931 1223 1087 1277; x_wconf 82' lang='lat' dir='ltr'>aliquod</span> <span class='ocrx_word' id='word_1_313' title='bbox 1109 1224 1157 1262; x_wconf 89' lang='lat' dir='ltr'>ad</span> <span class='ocrx_word' id='word_1_314' title='bbox 1182 1235 1218 1263; x_wconf 91' lang='lat' dir='ltr'>te</span> <span class='ocrx_word' id='word_1_315' title='bbox 1247 1228 1451 1278; x_wconf 84' lang='lat' dir='ltr'>peruenire</span> <span class='ocrx_word' id='word_1_316' title='bbox 1484 1238 1549 1275; x_wconf 87' lang='lat'>10,</span> <span class='ocrx_word' id='word_1_317' title='bbox 1578 1231 1620 1276; x_wconf 90' lang='lat'>6,</span> 
     </span>
    </p>

    <p class='ocr_par' dir='ltr' id='par_1_27' title="bbox 1530 1296 1617 1339">
     <span class='ocr_line' id='line_1_66' title="bbox 1530 1296 1617 1339; baseline 0.023 -2"><span class='ocrx_word' id='word_1_318' title='bbox 1530 1296 1617 1339; x_wconf 90' lang='lat'>277</span> 
     </span>
    </p>

    <p class='ocr_par' dir='ltr' id='par_1_28' title="bbox 873 1351 1616 1409">
     <span class='ocr_line' id='line_1_67' title="bbox 873 1351 1616 1409; baseline 0.004 -20"><span class='ocrx_word' id='word_1_319' title='bbox 873 1351 1098 1389; x_wconf 81' lang='lat' dir='ltr'>Peruersitas</span> <span class='ocrx_word' id='word_1_320' title='bbox 1118 1351 1321 1392; x_wconf 88' lang='lat' dir='ltr'>hominum</span> <span class='ocrx_word' id='word_1_321' title='bbox 1460 1366 1552 1409; x_wconf 86' lang='lat'>1,7,</span> <span class='ocrx_word' id='word_1_322' title='bbox 1570 1363 1616 1398; x_wconf 83' lang='lat'>11</span> 
     </span>
    </p>

    <p class='ocr_par' dir='ltr' id='par_1_29' title="bbox 873 1409 1621 1459">
     <span class='ocr_line' id='line_1_68' title="bbox 873 1409 1621 1459; baseline 0.007 -12"><span class='ocrx_word' id='word_1_323' title='bbox 873 1409 1066 1447; x_wconf 86' lang='lat' dir='ltr'>Perustum</span> <span class='ocrx_word' id='word_1_324' title='bbox 1097 1409 1203 1447; x_wconf 88' lang='lat' dir='ltr'>inani</span> <span class='ocrx_word' id='word_1_325' title='bbox 1236 1409 1360 1459; x_wconf 82' lang='lat' dir='ltr'>gloria</span> <span class='ocrx_word' id='word_1_326' title='bbox 1390 1411 1528 1451; x_wconf 90' lang='lat' dir='ltr'>volunt</span> <span class='ocrx_word' id='word_1_327' title='bbox 1561 1414 1621 1452; x_wconf 91' lang='lat' dir='ltr'>in-</span> 
     </span>
    </p>
   </div>
   <div class='ocr_carea' id='block_1_8' title="bbox 872 1465 1621 1729">
    <p class='ocr_par' dir='ltr' id='par_1_30' title="bbox 872 1465 1621 1729">
     <span class='ocr_line' id='line_1_69' title="bbox 928 1465 1621 1523; baseline 0.014 -21"><span class='ocrx_word' id='word_1_328' title='bbox 928 1465 1089 1503; x_wconf 84' lang='lat' dir='ltr'>cendere</span> <span class='ocrx_word' id='word_1_329' title='bbox 1371 1479 1389 1509; x_wconf 95' lang='lat'>1</span> <span class='ocrx_word' id='word_1_330' title='bbox 1401 1481 1437 1522; x_wconf 86' lang='lat'>3,</span> <span class='ocrx_word' id='word_1_331' title='bbox 1456 1481 1621 1523; x_wconf 78' lang='grc'><strong>15,394</strong></span> 
     </span>
     <span class='ocr_line' id='line_1_70' title="bbox 872 1534 1620 1594; baseline 0.009 -19"><span class='ocrx_word' id='word_1_332' title='bbox 872 1535 954 1575; x_wconf 77' lang='lat' dir='ltr'>Pes.</span> <span class='ocrx_word' id='word_1_333' title='bbox 984 1534 1127 1574; x_wconf 85' lang='lat' dir='ltr'>Pedum</span> <span class='ocrx_word' id='word_1_334' title='bbox 1148 1535 1350 1579; x_wconf 88' lang='lat' dir='ltr'>doloribus</span> <span class='ocrx_word' id='word_1_335' title='bbox 1372 1541 1473 1581; x_wconf 82' lang='lat' dir='ltr'>affici</span> <span class='ocrx_word' id='word_1_336' title='bbox 1495 1544 1535 1585; x_wconf 86' lang='lat'>6,</span> <span class='ocrx_word' id='word_1_337' title='bbox 1551 1552 1620 1594; x_wconf 76' lang='lat'>19,</span> 
     </span>
     <span class='ocr_line' id='line_1_71' title="bbox 874 1601 1621 1729; baseline 0.005 -26"><span class='ocrx_word' id='word_1_338' title='bbox 874 1661 1089 1703; x_wconf 77' lang='lat' dir='ltr'>Pestilentia</span> <span class='ocrx_word' id='word_1_339' title='bbox 1109 1665 1206 1704; x_wconf 86' lang='lat' dir='ltr'>abiit</span> <span class='ocrx_word' id='word_1_340' title='bbox 1411 1677 1475 1719; x_wconf 84' lang='lat'>14,</span> <span class='ocrx_word' id='word_1_341' title='bbox 1490 1679 1520 1716; x_wconf 91' lang='lat'>1,</span> <span class='ocrx_word' id='word_1_342' title='bbox 1535 1601 1621 1729; x_wconf 54' lang='lat'>233</span> 
     </span>
    </p>
   </div>
   <div class='ocr_carea' id='block_1_9' title="bbox 871 1722 1617 1893">
    <p class='ocr_par' dir='ltr' id='par_1_31' title="bbox 871 1722 1617 1893">
     <span class='ocr_line' id='line_1_72' title="bbox 874 1722 1617 1773; baseline 0.007 -12"><span class='ocrx_word' id='word_1_343' title='bbox 874 1722 1003 1773; x_wconf 71' lang='lat' dir='ltr'>Pestis.</span> <span class='ocrx_word' id='word_1_344' title='bbox 1039 1723 1157 1760; x_wconf 71' lang='lat' dir='ltr'>vestes</span> <span class='ocrx_word' id='word_1_345' title='bbox 1169 1722 1371 1763; x_wconf 87' lang='lat' dir='ltr'>hominum</span> <span class='ocrx_word' id='word_1_346' title='bbox 1391 1722 1504 1765; x_wconf 77' lang='lat' dir='ltr'>laude</span> <span class='ocrx_word' id='word_1_347' title='bbox 1523 1726 1617 1766; x_wconf 55' lang='lat' dir='ltr'>aliess</span> 
     </span>
     <span class='ocr_line' id='line_1_73' title="bbox 929 1777 1616 1837; baseline 0.012 -22"><span class='ocrx_word' id='word_1_348' title='bbox 929 1791 978 1816; x_wconf 91' lang='lat' dir='ltr'>na</span> <span class='ocrx_word' id='word_1_349' title='bbox 997 1777 1210 1818; x_wconf 87' lang='lat' dir='ltr'>dolentium</span> <span class='ocrx_word' id='word_1_350' title='bbox 1444 1794 1482 1835; x_wconf 80' lang='grc' dir='ltr'>ς,</span> <span class='ocrx_word' id='word_1_351' title='bbox 1497 1789 1533 1831; x_wconf 83' lang='grc'>8,</span> <span class='ocrx_word' id='word_1_352' title='bbox 1549 1794 1616 1837; x_wconf 78' lang='lat'>113</span> 
     </span>
     <span class='ocr_line' id='line_1_74' title="bbox 871 1834 1617 1893; baseline 0.008 -20"><span class='ocrx_word' id='word_1_353' title='bbox 871 1834 1031 1874; x_wconf 86' lang='lat' dir='ltr'>Petasati</span> <span class='ocrx_word' id='word_1_354' title='bbox 1052 1834 1242 1876; x_wconf 83' lang='lat' dir='ltr'>tabellarii</span> <span class='ocrx_word' id='word_1_355' title='bbox 1270 1839 1433 1877; x_wconf 88' lang='lat' dir='ltr'>veniunt</span> <span class='ocrx_word' id='word_1_356' title='bbox 1452 1851 1522 1892; x_wconf 67' lang='grc'>415,</span> <span class='ocrx_word' id='word_1_357' title='bbox 1555 1852 1617 1893; x_wconf 84' lang='grc'>17,</span> 
     </span>
    </p>
   </div>
   <div class='ocr_carea' id='block_1_10' title="bbox 871 1909 1616 2246">
    <p class='ocr_par' dir='ltr' id='par_1_32' title="bbox 1530 1909 1616 1951">
     <span class='ocr_line' id='line_1_75' title="bbox 1530 1909 1616 1951; baseline 0.058 -4"><span class='ocrx_word' id='word_1_358' title='bbox 1530 1909 1616 1951; x_wconf 82' lang='lat'>474</span> 
     </span>
    </p>

    <p class='ocr_par' dir='ltr' id='par_1_33' title="bbox 871 1963 1615 2246">
     <span class='ocr_line' id='line_1_76' title="bbox 871 1963 1613 2022; baseline 0.012 -21"><span class='ocrx_word' id='word_1_359' title='bbox 871 1963 1078 2002; x_wconf 87' lang='lat' dir='ltr'>Petiuimus</span> <span class='ocrx_word' id='word_1_360' title='bbox 1126 1963 1296 2017; x_wconf 86' lang='lat' dir='ltr'>Cyprum</span> <span class='ocrx_word' id='word_1_361' title='bbox 1354 1977 1412 2013; x_wconf 85' lang='lat'>12,</span> <span class='ocrx_word' id='word_1_362' title='bbox 1435 1977 1492 2020; x_wconf 75' lang='lat'>13.</span> <span class='ocrx_word' id='word_1_363' title='bbox 1518 1979 1613 2022; x_wconf 60' lang='lat'>357,</span> 
     </span>
     <span class='ocr_line' id='line_1_77' title="bbox 925 2018 1614 2075; baseline 0.01 -17"><span class='ocrx_word' id='word_1_364' title='bbox 925 2030 1056 2075; x_wconf 87' lang='lat' dir='ltr'>petere</span> <span class='ocrx_word' id='word_1_365' title='bbox 1076 2035 1097 2060; x_wconf 85' lang='lat' dir='ltr'>a</span> <span class='ocrx_word' id='word_1_366' title='bbox 1121 2018 1257 2060; x_wconf 89' lang='lat' dir='ltr'>litteris</span> <span class='ocrx_word' id='word_1_367' title='bbox 1285 2036 1364 2061; x_wconf 89' lang='lat' dir='ltr'>non</span> <span class='ocrx_word' id='word_1_368' title='bbox 1385 2027 1614 2065; x_wconf 85' lang='lat' dir='ltr'>medicinam</span> 
     </span>
     <span class='ocr_line' id='line_1_78' title="bbox 926 2077 1615 2130; baseline 0.009 -15"><span class='ocrx_word' id='word_1_369' title='bbox 926 2077 1248 2130; x_wconf 76' lang='lat' dir='ltr'>pe1·petuam,&#39;sed</span> <span class='ocrx_word' id='word_1_370' title='bbox 1270 2081 1445 2129; x_wconf 82' lang='lat' dir='ltr'>exiguam</span> <span class='ocrx_word' id='word_1_371' title='bbox 1467 2080 1615 2121; x_wconf 87' lang='lat' dir='ltr'>doloris</span> 
     </span>
     <span class='ocr_line' id='line_1_79' title="bbox 926 2133 1613 2190; baseline 0.01 -18"><span class='ocrx_word' id='word_1_372' title='bbox 926 2133 1169 2174; x_wconf 88' lang='lat' dir='ltr'>obliuionem</span> <span class='ocrx_word' id='word_1_373' title='bbox 1203 2147 1239 2186; x_wconf 83' lang='lat'>5,</span> <span class='ocrx_word' id='word_1_374' title='bbox 1258 2146 1318 2187; x_wconf 71' lang='grc' dir='ltr'>ῖς,</span> <span class='ocrx_word' id='word_1_375' title='bbox 1344 2140 1432 2179; x_wconf 89' lang='grc'><strong>126.</strong></span> <span class='ocrx_word' id='word_1_376' title='bbox 1480 2150 1613 2190; x_wconf 84' lang='lat' dir='ltr'>petere</span> 
     </span>
     <span class='ocr_line' id='line_1_80' title="bbox 912 2190 1610 2246; baseline 0.009 -17"><span class='ocrx_word' id='word_1_377' title='bbox 912 2190 1094 2231; x_wconf 45' lang='lat' dir='ltr'>‘honores</span> <span class='ocrx_word' id='word_1_378' title='bbox 1123 2191 1331 2233; x_wconf 82' lang='lat' dir='ltr'>ordinatim</span> <span class='ocrx_word' id='word_1_379' title='bbox 1456 2207 1498 2246; x_wconf 87' lang='lat'>4,</span> <span class='ocrx_word' id='word_1_380' title='bbox 1511 2203 1610 2246; x_wconf 79' lang='lat'><em>5‚88</em></span> 
     </span>
    </p>
   </div>
   <div class='ocr_carea' id='block_1_11' title="bbox 869 2254 1614 2365">
    <p class='ocr_par' dir='ltr' id='par_1_34' title="bbox 869 2254 1614 2365">
     <span class='ocr_line' id='line_1_81' title="bbox 869 2254 1610 2320; baseline 0.013 -21"><span class='ocrx_word' id='word_1_381' title='bbox 869 2258 1053 2300; x_wconf 85' lang='lat' dir='ltr'>Phameae</span> <span class='ocrx_word' id='word_1_382' title='bbox 1074 2254 1164 2302; x_wconf 79' lang='lat' dir='ltr'>cena</span> <span class='ocrx_word' id='word_1_383' title='bbox 1381 2275 1423 2316; x_wconf 85' lang='lat'>9,</span> <span class='ocrx_word' id='word_1_384' title='bbox 1445 2268 1503 2307; x_wconf 81' lang='lat'>16,</span> <span class='ocrx_word' id='word_1_385' title='bbox 1525 2274 1610 2320; x_wconf 74' lang='lat'>258</span> 
     </span>
     <span class='ocr_line' id='line_1_82' title="bbox 869 2317 1614 2365; baseline 0.012 -9"><span class='ocrx_word' id='word_1_386' title='bbox 869 2317 1077 2358; x_wconf 86' lang='lat' dir='ltr'>Pharnaces</span> <span class='ocrx_word' id='word_1_387' title='bbox 1119 2321 1224 2360; x_wconf 77' lang='lat' dir='ltr'>Aliae</span> <span class='ocrx_word' id='word_1_388' title='bbox 1262 2327 1460 2359; x_wconf 49' lang='lat' dir='ltr'>terrorem*</span> <span class='ocrx_word' id='word_1_389' title='bbox 1481 2326 1614 2365; x_wconf 83' lang='lat' dir='ltr'>intulit</span> 
     </span>
    </p>
   </div>
   <div class='ocr_carea' id='block_1_12' title="bbox 864 2383 1613 2786">
    <p class='ocr_par' dir='ltr' id='par_1_35' title="bbox 864 2383 1613 2786">
     <span class='ocr_line' id='line_1_83' title="bbox 1045 2383 1607 2434; baseline -0.005 -10"><span class='ocrx_word' id='word_1_390' title='bbox 1045 2426 1048 2431; x_wconf 68' lang='grc'><strong>,</strong></span> <span class='ocrx_word' id='word_1_391' title='bbox 1369 2388 1430 2430; x_wconf 79' lang='lat'>15,</span> <span class='ocrx_word' id='word_1_392' title='bbox 1454 2390 1513 2431; x_wconf 83' lang='lat'>15,</span> <span class='ocrx_word' id='word_1_393' title='bbox 1531 2383 1607 2434; x_wconf 83' lang='grc'>471</span> 
     </span>
     <span class='ocr_line' id='line_1_84' title="bbox 866 2428 1613 2491; baseline 0.003 -22"><span class='ocrx_word' id='word_1_394' title='bbox 866 2428 1047 2476; x_wconf 70' lang='grc' dir='ltr'><strong><em>Φιλαίτιος</em></strong></span> <span class='ocrx_word' id='word_1_395' title='bbox 1444 2445 1481 2487; x_wconf 82' lang='lat'>3,</span> <span class='ocrx_word' id='word_1_396' title='bbox 1493 2447 1534 2489; x_wconf 80' lang='lat'>7,</span> <span class='ocrx_word' id='word_1_397' title='bbox 1556 2441 1613 2491; x_wconf 82' lang='lat'>63</span> 
     </span>
     <span class='ocr_line' id='line_1_85' title="bbox 866 2487 1609 2548; baseline 0.004 -22"><span class='ocrx_word' id='word_1_398' title='bbox 866 2487 976 2527; x_wconf 81' lang='lat' dir='ltr'>Philo</span> <span class='ocrx_word' id='word_1_399' title='bbox 1386 2501 1449 2545; x_wconf 83' lang='lat'>13,</span> <span class='ocrx_word' id='word_1_400' title='bbox 1471 2505 1496 2530; x_wconf 90' lang='lat'>1.</span> <span class='ocrx_word' id='word_1_401' title='bbox 1525 2505 1609 2548; x_wconf 84' lang='lat'>379</span> 
     </span>
     <span class='ocr_line' id='line_1_86' title="bbox 867 2545 1612 2604; baseline 0.003 -19"><span class='ocrx_word' id='word_1_402' title='bbox 867 2545 1092 2585; x_wconf 65' lang='lat' dir='ltr'>Philoctetes</span> <span class='ocrx_word' id='word_1_403' title='bbox 1114 2545 1216 2600; x_wconf 82' lang='lat' dir='ltr'>apud</span> <span class='ocrx_word' id='word_1_404' title='bbox 1229 2547 1374 2587; x_wconf 80' lang='lat' dir='ltr'>Attium</span> <span class='ocrx_word' id='word_1_405' title='bbox 1392 2559 1420 2601; x_wconf 90' lang='lat'><strong><em>7</em></strong></span> <span class='ocrx_word' id='word_1_406' title='bbox 1447 2561 1513 2601; x_wconf 80' lang='lat'>33,</span> <span class='ocrx_word' id='word_1_407' title='bbox 1527 2564 1612 2604; x_wconf 85' lang='lat'>203</span> 
     </span>
     <span class='ocr_line' id='line_1_87' title="bbox 866 2600 1612 2661; baseline 0.004 -21"><span class='ocrx_word' id='word_1_408' title='bbox 866 2600 1078 2641; x_wconf 76' lang='grc' dir='ltr'><strong><em>Φιλοδίκκιοι</em></strong></span> <span class='ocrx_word' id='word_1_409' title='bbox 1363 2615 1423 2657; x_wconf 80' lang='lat'>15,</span> <span class='ocrx_word' id='word_1_410' title='bbox 1443 2617 1500 2658; x_wconf 82' lang='lat'>19,</span> <span class='ocrx_word' id='word_1_411' title='bbox 1526 2611 1612 2661; x_wconf 79' lang='lat'>476</span> 
     </span>
     <span class='ocr_line' id='line_1_88' title="bbox 865 2670 1610 2728; baseline 0.005 -18"><span class='ocrx_word' id='word_1_412' title='bbox 865 2670 1078 2720; x_wconf 66' lang='grc' dir='ltr'><em>Φιλοθέωςος</em></span> <span class='ocrx_word' id='word_1_413' title='bbox 1409 2686 1448 2728; x_wconf 80' lang='grc'>7,</span> <span class='ocrx_word' id='word_1_414' title='bbox 1464 2679 1610 2726; x_wconf 73' lang='lat'><strong>16,186</strong></span> 
     </span>
     <span class='ocr_line' id='line_1_89' title="bbox 864 2727 1607 2786; baseline 0.003 -19"><span class='ocrx_word' id='word_1_415' title='bbox 864 2727 1048 2769; x_wconf 71' lang='grc' dir='ltr'>Φιλὸκαλοι</span> <span class='ocrx_word' id='word_1_416' title='bbox 1361 2742 1421 2786; x_wconf 73' lang='grc' dir='ltr'>Ῑς,</span> <span class='ocrx_word' id='word_1_417' title='bbox 1440 2743 1499 2784; x_wconf 86' lang='lat'>19,</span> <span class='ocrx_word' id='word_1_418' title='bbox 1519 2739 1607 2785; x_wconf 80' lang='lat'>476</span> 
     </span>
    </p>
   </div>
  </div>
 </body>
</html>
