1881 3173
361 166 365 171 .
406 125 474 166 IN
499 122 842 164 CICERONIS
872 120 1065 162 EPIST.
1093 118 1226 160 FAM.

274 195 293 208 Ν

126 247 238 278 LIB.
262 249 362 278 XIV·
391 246 572 276 EPIST.
598 248 724 276 xxll.

80 323 352 366 TVLLIVS
382 322 761 362 TERENTIAE

280 393 425 433 SVAE
461 393 495 432 S.
516 393 562 433 D.

110 497 154 537 Si
172 497 291 543 vales,
311 495 398 536 bene
417 495 489 550 cst:
532 497 648 536 valeo.
709 495 791 534 Nos

50 551 236 609 quotidie]
283 555 373 592 Data
395 551 472 592 Kal.
492 554 588 607 Sept.
618 558 661 590 be
683 565 726 590 cx
750 551 791 590 li—

51 611 142 648 teris
191 611 402 649 Terentiae
443 623 638 663 capturum
676 610 790 646 consi-

52 664 147 705 lium
167 668 230 712 ait,
260 666 350 718 quid
378 668 417 706 lit
438 667 637 716 agendum,
666 665 704 704 id
727 666 790 712 est,

51 735 100 761 an
145 721 295 763 Caesari
342 725 495 764 obuiam
525 722 706 768 eundum,
743 736 790 760 an

50 793 137 818 enm
176 778 362 822 Brundisii
404 779 711 834 exspefflndmnz
743 793 790 818 an

48 838 208 891 propius
228 839 388 877 Romam
416 835 681 877 accedendum.

134 990 242 1020 LIB.
271 990 369 1018 XIV.
410 989 605 1021 EPIST.
627 991 708 1020 XX.

76 1065 348 1106 TVLLIVS
394 1065 799 1110 TERENTIAE,

276 1139 421 1178 SVAE
450 1138 483 1175 S.
514 1138 559 1175 D.

105 1256 153 1296 111
175 1256 272 1307 Tlfi
275 1253 451 1308 ulanum]
528 1255 609 1294 Iam
639 1255 788 1301 Cicero,

45 1315 206 1366 acceptis
227 1327 248 1352 a
271 1311 427 1351 Caesare
463 1309 605 1357 literis,
639 1309 686 1349 de
706 1313 788 1363 qui-

43 1371 116 1411 bus
137 1369 245 1422 supra
271 1364 413 1408 dietum
436 1369 499 1416 est,
514 1369 680 1406 Romam
701 1381 789 1420 pro-

47 1428 131 1480 pius
169 1425 374 1468 accesserat
421 1398 602 1477 siqtiidem
649 1423 788 1478 scripsit

44 1484 141 1524 hane
160 1482 355 1536 epistolam
375 1485 419 1521 V.
440 1479 521 1521 Kal.
547 1483 631 1521 Oet.
651 1481 698 1520 de
719 1479 792 1520 Ve->

46 1541 125 1585 nus
116 1554 202 1581 no
241 1542 281 1578 in
314 1553 410 1592 qua,
439 1537 475 1577 se
512 1549 716 1577 venturum
746 1541 788 1578 in

46 1595 311 1644 Tusculanum
339 1597 391 1634 ait
426 1598 532 1635 Νοη.
561 1606 626 1635 aut
656 1596 788 1649 postri-

48 1652 121 1692 die
177 1685 183 1691 ,,

254 1753 301 1798 Q
331 1748 513 1781 FVFIO
555 1748 800 1781 CALENO

193 1819 195 1821 ·
253 1808 291 1836 P.
325 1807 611 1836 VATINIO
645 1806 794 1837 COSS.

1468 131 1571 166 1001

940 244 1150 274 Limxv.
1190 244 1500 274 nemauxxz.

873 308 927 346 M.
969 307 1195 346 CICERO
1224 305 1561 345 TREBONIO

1127 376 1162 415 S.
1188 376 1226 415 P.
1254 377 1300 415 D.

905 462 955 500 Et
975 461 1166 514 epistolam
1189 459 1316 513 tuam]
1372 463 1415 501 C.
1434 462 1591 502 Trebo-

848 519 934 556 nius
954 519 992 555 in
1015 517 1236 570 Hispaniam
1265 516 1392 556 miss‘us
1423 518 1547 558 fuerat
1567 532 1590 558 a

846 573 1003 613 Caesare
1027 576 1107 627 post
1127 573 1591 628 proeliumPharsalicnm‚

846 644 889 670 vt
932 630 1108 680 Longino
1154 630 1387 679 succederet,
1431 634 1590 672 auflore

848 689 986 734 Dione,
1007 699 1045 727 et
1065 690 1252 727 Cicerone
1273 691 1310 727 in
1333 690 1401 728 hac
1422 688 1592 743 epistola.

848 747 956 792 Quae
996 743 1129 798 scripta
1168 746 1214 784 ad
1245 759 1332 785 eum
1361 746 1515 786 videtur
1545 748 1592 792 in

848 800 1068 853 Rispaniam
1119 803 1191 840 hoc
1231 813 1423 854 tempore,
1463 803 1500 841 id
1517 805 1593 851 est,

848 869 935 896 ante
961 857 1102 896 bellum
1123 858 1362 905 Africanum,
1393 860 1496 912 quod
1519 862 1592 899 ini-

849 916 903 953 tio
939 913 1127 966 sequentis
1165 917 1256 953 anni
1295 918 1374 964 geri
1414 928 1592 970 coeptum

849 971 924 1009 cst:
954 974 1042 1023 quia
1064 971 1232 1020 legiones
1254 973 1473 1019 'la-ebonii,
1507 988 1593 1013 cuin

850 1028 897 1066 ab
915 1041 961 1066 eo
984 1028 1029 1066 ad
1054 1030 1283 1081 Scipionem,
1310 1031 1378 1081 qui
1403 1032 1443 1068 in
1465 1030 1591 1069 Africa

850 1096 942 1125 erat
963 1083 1190 1132 defecissent,
1210 1099 1373 1138 eumq-ie
1395 1097 1591 1126 mortuum

849 1139 951 1178 bello
985 1140 1106 1179 Afric
1100 1156 1163 1180 no
1199 1141 1406 1189 audissent,
1435 1142 1589 1196 Scapula

847 1208 883 1236 et
913 1199 1063 1249 Aponio
1094 1197 1256 1236 ducibus
1281 1196 1347 1238 lec‘*
1342 1201 1401 1245 xis,
1435 1201 1592 1239 Trebo-

846 1255 953 1292 nium
975 1267 1018 1291 ex
1040 1255 1221 1308 Hispania
1245 1268 1470 1304 exegeiunt:
1501 1258 1594 1297 Dio·

846 1324 894 1349 ne
917 1312 1086 1350 aueto‘re.
1118 1325 1164 1350 ex
1187 1325 1266 1363 quo
1286 1324 1466 1365 apparet,
1497 1315 1593 1354 hanc

847 1365 1042 1419 epistolam
1069 1367 1244 1420 scriptam
1271 1369 1344 1408 effe
1367 1381 1462 1415 *ante
1491 1370 1595 1413 defe-

846 1426 1014 1466 &ionem
1032 1422 1249 1473 legionum,
1278 1425 1408 1479 paullo
1437 1429 1520 1480 post
1538 1427 1592 1467 fa-

845 1483 956 1520 c'tam.
982 1489 984 1491 ’
1042 1484 1115 1520 Hic
1144 1492 1271 1520 autem
1295 1484 1341 1523 C.
1363 1485 1593 1524 Trebonius

844 1539 977 1591 priore
997 1551 1100 1577 anno
1122 1548 1279 1591 praetor
1314 1540 1483 1579 vrbanus
1511 1539 1593 1580 fue-

845 1604 915 1640 rat,
936 1593 1102 1634 Seruilio
1123 1593 1286 1634 consule.
1317 1596 1453 1636 Caesar
1469 1595 1535 1638 lib.
1551 1609 1588 1650 3.

846 1651 892 1690 de
913 1649 1000 1691 bell.
1023 1653 1096 1691 ciu.
1123 1666 1153 1691 c.
1163 1663 1231 1694 20.
1241 1663 1312 1694 21.

246 1867 396 1914 Caesar,
426 1871 494 1920 qui
506 1869 586 1907 fine
608 1867 826 1907 consulibus
850 1866 1008 1907 alteram
1030 1867 1258 1908 dictaturam
1281 1870 1354 1908 hoc
1377 1882 1481 1909 anno
1517 1870 1595 1920 ges-

184 1928 242 1975 fit,
270 1929 428 1977 Romam
451 1928 619 1973 tertium,
648 1923 787 1964 scilicet
811 1939 855 1964 ex
873 1929 1041 1978 Aegypto
1063 1936 1099 1964 et
1115 1928 1236 1965 Ponto
1257 1925 1445 1975 reuersus,
1464 1927 1531 1967 fibi
1549 1929 1591 1967 in

190 1984 318 2023 remos
339 1983 559 2022 nouissimos
581 1981 724 2021 menses
741 1984 957 2033 QFufium
979 1981 1181 2030 Calenum,
1205 1984 1244 2023 P,
1263 1984 1473 2032 Vatinium,
1504 1995 1594 2025 con·

187 2039 283 2080 sules
300 2039 534 2089 subrogauit.

596 2042 683 2086 nio,
716 2040 931 2079 Suetonius

253 2138 494 2171 c.1VL1o
529 2138 806 2168 CAESARE
842 2139 912 2168 111.

254 2196 304 2226 Μ.
336 2195 606 2225 AEM1L10
644 2195 869 2225 LEPIDO
910 2194 1065 2227 cose.

250 2246 364 2282 Anno
384 2244 433 2282 ab
463 2243 564 2282 Vrbe
585 2238 737 2281 condita
761 2252 949 2282 DCCVlI.

249 2317 386 2356 Caesar
410 2331 495 2356 cum
524 2327 693 2355 extremo
718 2314 914 2370 superiore
939 2329 1042 2355 anno
1058 2317 1158 2355 XIV.
1179 2315 1355 2357 Kahhn.
1371 2316 1594 2362 Lilybaeum

188 2376 237 2416 ab
255 2376 350 2414 vrbe
368 2370 611 2426 perueniflet,
629 2385 744 2425 atque
771 2387 793 2411 a
822 2371 1002 2418 Lilybaeo
1036 2375 1076 2411 in
1112 2370 1276 2411 Africam
1307 2377 1372 2414 VI.
1407 2374 1485 2414 Kal.
1515 2380 1592 2416 ian.

192 2429 470 2477 conscendisset,
493 2431 605 2469 huius
623 2429 775 2468 demum
801 2432 890 2469 anni
911 2430 1024 2468 initio
1051 2426 1195 2468 bellum
1211 2429 1431 2471 Africanum
1448 2430 1594 2482 aggres-

190 2489 248 2529 sus
265 2490 315 2527 est
335 2502 420 2527 cum
445 2488 633 2541 Scipione,
646 2488 809 2537 Catone,
833 2497 870 2542 et
889 2486 982 2526 iuba
1003 2499 1102 2535 rege.

117 2589 175 2617 «ι,
193 2589 206 2616 1
224 2588 262 2617 B.
291 2589 359 2618 ιν.
388 2588 411 2616 E
429 2589 479 2617 Pl
495 2588 512 2617 s
529 2588 578 2616 T.
604 2588 703 2616 xrv.

54 2665 108 2704 M.
128 2665 311 2702 CtCERo
333 2664 368 2701 S.
389 2665 435 2701 D.
457 2662 794 2702 CN.PLANCIO

113 2748 230 2788 Binas
251 2762 275 2786 a
295 2758 332 2786 te
352 2746 495 2799 accepi]
552 2750 630 2786 lam
657 2749 794 2787 Cicero

55 2807 92 2843 in
129 2806 264 2844 vrbem
294 2814 519 2851 reuertetat,
553 2805 594 2844 in
634 2807 793 2854 gratiam

853 2589 936 2614 cum
963 2573 1121 2614 Caesare
1149 2574 1334 2615 redierat·
1364 2591 1594 2631 quamquam

852 2631 990 2672 illum
981 2646 1020 2670 in
1037 2630 1183 2670 Italiam
1203 2635 1417 2672 venientem
1439 2649 1518 2674 non
1538 2637 1594 2674 vi-

853 2688 972 2734 derat,
997 2698 1038 2728 vt
1065 2686 1145 2740 ipse
1173 2687 1302 2729 scribit
1333 2690 1378 2728 ad
1408 2692 1596 2738 Caffinm,

852 2745 939 2797 (lib.
957 2757 1017 2795 15.
1062 2745 1166 2797 epist.
1195 2746 1278 2797 15.)
1361 2749 1593 2787 Terentiam

851 2815 1012 2842 vxorem
1036 2800 1268 2854 repudiarat.
1289 2803 1487 2843 Publiliam
1504 2802 1596 2844 alte-

910 2861 938 2895 R
951 2872 970 2896 r
983 2872 1001 2895 r
1032 2869 1052 2907 ς
1513 2864 1596 2899 rani
