1881 3173
623 101 848 143 PAVLLI
876 99 1164 141 MANVTII
1192 97 1398 139 INDEX

300 215 485 266 auguri-R
529 222 567 254 et
608 215 859 253 diuinationis
901 210 989 250 suae
1042 247 1046 250 ,

250 329 461 377 Augurium
478 326 678 365 Ciceronis
763 349 765 352 <
791 321 885 363 ibid.
895 268 992 377 1191ςέ

247 386 370 426 Attide
395 383 570 437 exspe&o
590 393 672 422 tuas
693 379 837 421 litteras
863 391 928 429 12,
952 395 994 435 4,

874 444 989 491 348

249 515 340 556 Auis
360 511 445 551 alba
774 519 816 561 7,
828 515 895 557 28,
911 515 989 562 198

249 572 480 616 A.Caecina,
501 566 616 607 cliens
642 563 896 606 Seruiliorum
928 578 993 618 13,
1044 593 1047 596 Α

826 626 894 670 66,
936 626 993 665 26

248 688 420 724 Auocare
457 684 627 720 animum
657 690 694 719 et
720 635 993 729 cogitatiosiem

303 753 408 780 tuam
434 739 547 779 debes
565 740 615 778 ab
635 738 736 777 hisce
755 739 869 777 rebus
892 751 933 791 4,
956 750 995 790 5,

248 866 418 915 Aurelia,
437 865 603 906 scortum
753 877 793 918 9,
815 877 884 911 22,
907 868 994 907 266

248 933 369 968 Aures
387 924 434 963 ad
454 935 489 964 te
506 923 663 963 afferam
681 937 759 962 non
778 925 903 961 minus
921 921 995 960 ele-

304 994 436 1032 gantes
753 990 793 1033 9,
820 991 884 1032 19,
905 982 986 1020 261

237 1045 392 1083 ‘Aurum
412 1040 499 1088 igne
529 1036 766 1092 perspicitur,
799 1038 843 1075 fic
874 1046 911 1075 et
930 1036 993 1074 be-

306 1096 528 1137 neuolentia
564 1094 686 1134 fidelis
724 1093 896 1148 periculo
923 1092 991 1131 ali·

303 1169 382 1208 quo
402 1155 573 1192 cernitur
755 1163 796 1203 9,
819 1151 884 1198 16,
904 1162 989 1203 255

246 1226 382 1268 Austro
399 1223 598 1271 lenissimo‚
627 1220 733 1262 caelo
750 1222 896 1272 sereno,
921 1236 992 1260 no-

301 1285 359 1323 &e
380 1281 460 1327 illa,
489 1290 526 1319 et
557 1280 619 1319 die
653 1282 804 1333 postero
834 1279 882 1317 ad
912 1281 990 1324 Hy-

303 1340 483 1379 druntem
506 1336 713 1376 ludibundi
741 1337 988 1390 perueniiuus

754 1395 821 1439 16,
841 1403 883 1445 92
903 1395 988 1440 486

221 1456 225 1460 ’
244 1450 448 1495 Auxiliarii
468 1450 614 1503 equites
782 1461 824 1498 2,
846 1460 910 1502 17,
933 1461 988 1502 50

593 1566 635 1605 B.

321 1679 455 1720 acchae
748 1690 786 1732 7,
809 1689 881 1730 23,
906 1687 984 1730 193

348 1739 484 1777 Baiae.
545 1734 602 1775 Ad
622 1736 729 1774 Baias
750 1737 886 1775 venire
905 1734 988 1789 plo-

300 1807 427 1836 ratum
476 1795 618 1846 potius,
661 1805 775 1845 quam
815 1802 988 1832 natatum

294 1863 338 1906 9,
358 1865 398 1899 2,
418 1859 514 1904 239.
563 1852 677 1890 Baiae
705 1859 864 1903 repente
894 1848 988 1888 salu-

296 1910 383 1950 bres
408 1908 529 1948 saetae
755 1919 796 1959 9,
820 1918 882 1955 12,
905 1913 984 1958 248

240 1966 402 2007 Balbus.
488 1968 545 2004 De
565 1962 690 2012 Hillo,
716 1963 853 2004 balbus
883 1966 987 2002 enim

295 2022 379 2062 snm
776 2032 820 2067 2,
844 2031 909 2068 10,
934 2032 986 2074 39

239 2080 380 2121 Balbus
400 2088 438 2119 et
460 2078 609 2132 Oppius
783 2076 824 2124 6,
846 2084 883 2126 8,
905 2087 986 2131 154

239 2138 380 2180 Balbus
420 2139 598 2189 quaestor
633 2147 732 2187 quae
771 2136 911 2184 flagitia
949 2143 986 2173 et

296 2193 435 2234 scelera
457 2191 671 2238 admiserit,
702 2203 831 2231 narrat
857 2190 984 2230 Pollio

299 2262 366 2296 10,
426 2263 465 2296 2,
502 2261 594 2301 310.
648 2250 985 2301 quatuoruiratum

295 2309 363 2347 fibi
392 2308 618 2360 prorogauit
645 2304 738 2344 ibid.
822 2307 985 2345 Fadium

298 2363 488 2418 quendam
506 2365 639 2402 viuum
661 2363 859 2403 combussit
880 2362 984 2411 *ibid-

239 2437 379 2479 Batuit,
399 2434 642 2488 impudenter
750 2445 790 2486 9,
812 2447 882 2483 22,
898 2438 985 2478 265

241 2494 394 2533 Beatus.
449 2494 542 2530 Non
571 2489 695 2530 solum
729 2490 889 2544 sapiens,
920 2491 984 2532 sed

296 2551 409 2587 etiam
430 2549 565 2587 beatus
755 2558 795 2600 7,
816 2556 885 2597 28,
903 2557 982 2603 193

239 2604 344 2648 Belle
364 2606 503 2644 habere
722 2610 787 2651 !6‚
809 2617 871 2658 1,5
894 2619 950 2660 49
964 2618 979 2645 t

241 2661 388 2704 Bellum
409 2676 487 2700 non
508 2659 627 2700 modo
647 2661 890 2711 restinehun,
920 2663 982 2702 sed

296 2722 409 2758 etiam
431 2720 704 2757 inflammatum
728 2729 792 2765 ΙΙ,
812 2729 874 2766 12,
891 2733 982 2772 327.

295 2774 488 2815 bellorum
503 2777 641 2813 incerti
665 2776 788 2813 exitus
809 2787 847 2815 et
867 2791 982 2816 euen-

1101 222 1161 251 tus
1174 214 1214 258 6,
1227 214 1266 257 6,
1280 220 1297 250 1
1308 214 1374 263 50.
1401 209 1594 250 bellorum
1615 209 1792 250 omnium·

1100 271 1222 307 exitus
1240 270 1377 307 incerti
1407 267 1493 307 sunt
1587 271 1627 312 6,
1651 278 1686 312 1,
1711 278 1794 320 139

1047 324 1195 364 Bellum
1218 324 1517 364 Alexandrinum
1545 335 1596 364 1‘·
1578 353 1612 377 >³
1633 327 1695 369 16,
1709 334 1792 376 395

1049 383 1204 422 Bellum
1224 383 1359 421 ciuile.
1389 383 1499 422 Nihil
1528 386 1600 419 eiie
1622 379 1724 419 bello
1743 384 1794 420 ci·

1106 437 1178 479 vili
1206 437 1378 477 miletius
1414 435 1793 491 16,12‚4g9.1a-

1108 497 1218 548 piens
1239 505 1275 534 et
1307 497 1432 534 bonus
1455 511 1486 534 ci
1477 499 1548 534 uis
1571 497 1679 533 initia
1699 493 1793 534 belli

1107 550 1230 592 ciuilis
1258 554 1402 592 inuitus
1435 552 1597 606 suscipit,
1623 563 1793 591 extrema

1107 624 1186 649 non
1216 608 1384 648 libenter
1413 609 1654 663 persequitur
1689 625 1728 661 4,
1748 622 1793 662 7,

1106 679 1175 720 92.
1203 665 1346 706 bellum
1366 665 1479 706 ciuile
1512 665 1721 719 susceptum
1742 668 1793 705 est

1106 723 1320 776 quiescente
1347 726 1534 763 Cicerone
1561 726 1600 771 6,
1628 726 1667 772 6,
1701 734 1794 777 149.

1105 779 1200 821 belli
1251 780 1385 833 ciuilis·
1420 781 1585 822 vi&0ria
1629 778 1791 820 allatura

1107 848 1188 877 erat
1219 839 1418 877 interitum
1455 834 1717 891 Pompeianis,
1764 838 1791 876 fi

1106 897 1200 935 vieii
1222 896 1350 943 essent,
1380 897 1404 934 fi
1424 894 1608 942 victitent,
1635 893 1794 934 seruitu-

1106 963 1183 992 tem
1213 956 1252 999 6,
1274 966 1342 1000 21,
1366 957 1458 1001 168.
1511 952 1614 992 bella
1643 953 1792 991 ciuilia.

1107 1012 1249 1050 Omnia
1272 1010 1357 1049 sunt
1374 1009 1508 1049 misera
1541 1011 1581 1048 in
1611 1007 1721 1048 bellis
1741 1009 1793 1048 ci·

1104 1065 1263 1114 vilibus,
1281 1077 1351 1106 etc.
1390 1066 1451 1106 sed
1485 1062 1657 1105 miserius
1693 1064 1792 1105 nihil

1105 1125 1168 1171 est,
1184 1138 1298 1178 quam
1319 1123 1396 1178 ipsa
1417 1125 1581 1164 viffioria
1601 1135 1641 1180 4,
1662 1135 1702 1175 9,
1723 1135 1793 1176 95.

1100 1181 1295 1221 bellorum
1344 1181 1517 1221 ciuilium
1543 1183 1591 1229 rii
1644 1182 1792 1232 semper

1103 1240 1225 1278 exitus
1254 1238 1352 1286 sunt,
1378 1248 1420 1277 vt
1469 1253 1548 1277 non
1585 1251 1629 1276 ea
1668 1236 1791 1276 solum

1103 1297 1207 1343 fiant,
1235 1309 1333 1348 quae
1363 1295 1456 1334 velit
1484 1296 1622 1341 vietor,
1648 1293 1709 1332 sed
1739 1305 1791 1333 et-

1102 1354 1191 1402 iam,
1212 1363 1253 1391 vt
1273 1355 1320 1390 iis
1341 1367 1424 1391 mos
1442 1351 1631 1402 gerendus
1643 1353 1799 1404 sit‚qui-'

1099 1410 1170 1449 bus
1196 1409 1438 1449 adiutoribus
1460 1418 1567 1464 parta
1596 1409 1638 1447 fit
1669 1410 1788 1447 vic‘to-

1100 1469 1159 1505 ria
1540 1478 1603 1513 12,
1628 1472 1692 1515 18,
1710 1469 1790 1518 367

1043 1535 1170 1577 Bellus
1193 1537 1312 1577 homo
1344 1549 1384 1592 7,
1407 1540 1473 1585 16,
1499 1539 1593 1584 186.
1645 1534 1791 1576 beilum

1104 1597 1155 1633 est
1176 1593 1308 1649 aliquo
1330 1597 1448 1642 exire,
1469 1607 1539 1634 etc.
1599 1605 1637 1645 9,
1654 1600 1786 1642 2,2{8

1031 1654 1146 1692 >Bene
1169 1651 1307 1692 sentire
1326 1654 1506 1705 memeque
1535 1649 1670 1697 facere,
1702 1649 1790 1689 satis

1103 1711 1154 1748 est
1172 1709 1218 1748 ad
1239 1710 1335 1748 bene
1367 1711 1552 1762 beateque
1577 1706 1788 1747 viuendum

1104 1769 1142 1813 6,
1170 1781 1201 1813 1,
1228 1777 1318 1818 140.
1355 1767 1454 1806 bene
1485 1765 1625 1805 sentire
1661 1763 1707 1804 de
1729 1778 1790 1804 re-

1100 1822 1254 1878 publica
1545 1834 1610 1869 10,
1625 1828 1690 1870 18,
1702 1834 1787 1875 292

1044 1896 1231 1934 Beneficia
1257 1892 1416 1933 alicuius
1449 1895 1490 1932 in
1521 1892 1683 1933 alterum
1712 1907 1790 1932 am·

1099 1951 1259 2005 plissima

1041 2008 1355 2050 Beneuolentiam
1378 2016 1481 2047 certo
1506 2009 1650 2048 iudicio
1672 2006 1788 2047 susee-

1099 2077 1204 2120 ptam
1225 2066 1462 2106 conseruabo
1614 2078 1650 2118 3,
1669 2078 1709 2119 7,
1731 2068 1786 2117 63

1041 2137 1229 2194 Benigna.
1319 2140 1402 2177 Nec
1428 2138 1607 2187 benigna,
1636 2150 1706 2175 nec
1725 2150 1788 2175 co-

1095 2193 1202 2248 piosa
1599 2206 1636 2241 2,
1656 2206 1718 2240 12,
1729 2204 1784 2246 42

1040 2253 1209 2301 Benigne
1231 2249 1346 2290 alicui
1362 2249 1536 2305 polliceri
1557 2264 1598 2302 4,
1615 2263 1629 2291 1
1641 2262 1679 2303 3,
1694 2261 1784 2291 100.

1093 2310 1257 2359 benigne
1275 2308 1400 2348 faeere
1419 2308 1595 2362 plurimis
1628 2319 1693 2359 13,
1716 2311 1787 2360 67,

1042 2424 1130 2462 Beta
1147 2432 1185 2462 et
1207 2420 1334 2461 malua
1566 2431 1607 2473 7,
1620 2423 1686 2468 26,
1699 2367 1787 2473 ξξξ

1041 2492 1200 2534 Bibulus
1221 2495 1260 2532 in
1281 2496 1428 2532 Amano
1455 2490 1582 2547 nescio
1610 2491 1702 2544 quid
1724 2505 1786 2530 co-

1100 2549 1377 2590 horticularum
1402 2551 1522 2588 amitit
1557 2556 1594 2597 8,
1622 2553 1662 2596 6,
1686 2560 1784 2600 215,

1096 2611 1249 2648 Procos.
1277 2608 1435 2652 insyria
1460 2619 1524 2658 152
1551 2619 1584 2654 I,
1606 2618 1702 2661 450.
1728 2605 1785 2647 so-

1098 2665 1187 2704 litus
1205 2665 1356 2711 dicere,
1402 2665 1556 2716 quiduis
1578 2662 1614 2703 se
1634 2661 1784 2718 perpes-

1097 2722 1240 2769 surum,
1265 2735 1378 2774 quam
1398 2721 1522 2760 videri
1551 2718 1690 2769 eguiffe
1718 2733 1784 2758 au·
1852 2723 1855 2725 ’

1096 2778 1191 2823 xilio
1229 2780 1427 2819 Ciceronis
1460 2788 1497 2825 2,
1523 2789 1585 2830 17,
1610 2777 1781 2870 49.}Bli.·
1849 2820 1851 2827 γ

1709 2847 1745 2870 111
1763 2846 1778 2872 1

1548 1962 1614 2003 15,
1629 1953 1788 2004 10,466
1839 1964 1875 1994 »f
