1881 3173
468 84 540 126 ΙΝ
579 83 618 124 P.
666 81 946 124 MANVTH
975 79 1324 122 ‘COMMENTR

974 193 1100 234 dicere
1123 194 1171 240 ei,
1193 193 1260 246 qui
1287 190 1519 245 reipublicae
1540 190 1656 232 causs‘a

721 254 816 305 695.
839 264 862 289 a
973 250 1123 297 abefl'et,
1145 263 1223 289 non
1247 248 1381 289 licebat
1404 256 1496 302 843.
1517 261 1549 288 a.
1580 247 1640 286 die

120 307 356 366 Decuritmes
375 319 474 352 200·
493 321 528 349 a.
567 307 792 349 decuriones
819 309 860 346 in
973 323 1058 349 tuin
1081 306 1190 363 plura
1209 319 1345 356 genera
1521 317 1612 357 505.
1633 318 1653 343 a

174 366 394 420 municipiis
412 374 557 415 ‘mm’
594 376 638 405 Vt
668 365 858 406 senato‘e’
915 380 1086 430 Dignitas
1105 377 1199 433 quid
1221 381 1316 433 268..
1333 378 1369 417 b.
1425 374 1586 424 dignitas
1613 388 1650 414 et

124 193 259 251 Decipi
291 196 442 250 turpius
479 197 555 245 est,
591 179 704 250 quam
734 206 864 234 errare

129 429 133 481 J
172 421 317 463 Romae
348 428 443 476 815.
466 421 503 462 b.
544 421 768 462 decuriones
791 435 858 461 vo-

168 470 353 522 cebiumr
382 476 574 518 senatores
601 478 854 527 coloniarum,

112 591 296 633 Dedecus.
324 593 485 634 fac-mus
497 595 650 643 grauius
662 547 854 646 estiis-aiii

127 534 135 555 ‘¹
171 533 234 575 vel
252 536 552 588 municipiorum

165 646 326 690 dedecus
708 661 804 703 234.
829 663 850 687 a

110 718 361 771 Defatigatus,
381 731 416 761 et
436 719 547 761 fess'us
716 722 813 773 693.
826 719 849 758 b

110 777 270 818 Deferre
291 777 339 818 ad
358 777 524 832 aliquem
707 783 800 829 813.
823 777 848 815 b

109 833 333 883 Deseruere,
350 847 390 876 et
408 835 559 876 feruere
709 837 804 886 613.
824 834 849 872 b

109 892 300 940 Defluere,
321 895 580 948 metaphorice
713 894 808 944 652.
828 904 849 929 a

108 947 317 989 Delec'kare.
346 949 519 990 Pluribus
533 949 662 989 verbis
683 961 740 996 ea,
751 961 849 1001 quae

165 1020 236 1045 nos
247 1005 447 1057 deleekant,
469 1004 734 1062 persequimur
743 1013 812 1057 72.
825 1005 848 1044 b

107 1060 290 1113 Delegare
713 1074 805 1116 520.
827 1075 848 1101 a

105 1119 273 1160 Deliciae
711 1130 793 1172 425
825 1132 847 1158 a

106 1192 321 1231 Deminut·s
354 1193 576 1233 nominibus
610 1191 754 1231 iaftura
791 1187 842 1227 le·

164 1251 251 1289 vior
272 1249 481 1289 ostenditur
701 1258 798 1299 272-
816 1246 840 1284 b

104 1308 332 1356 Demiurgus
349 1334 360 1354 ,
413 1302 607 1355 tragoedia
664 1300 842 1355 Turpilii

103 1417 372 1470 Deprecamur
398 1415 460 1458 vel
509 1431 592 1457 cum
631 1359 842 1469 expiabitis

157 1473 317 1529 aliquid,
334 1473 396 1516 vel
414 1489 498 1516 cum
509 1471 721 1515 recusamus
743 1486 768 1514 2
777 1479 850 1520 82:

633 1531 672 1570 b.
705 1529 841 1583 59.b

101 1599 227 1654 Depso
258 1602 418 1642 verbum
439 1601 643 1642 obscenum
661 1599 735 1640 effe
756 1610 841 1653 pot-

154 1660 206 1700 est
700 1660 840 1709 665.a

101 1715 349 1772 Depugnare,
393 1714 476 1770 plus
515 1729 630 1769 quam
668 1727 838 1768 pugnare
888 1755 891 1758 ,

160 1776 256 1817 606.
270 1786 302 1810 a.
330 1770 378 1812 ad
396 1773 540 1814 ludicra
562 1774 675 1812 ctiam
695 1784 840 1809 accom-

156 1829 335 1869 modatur
695 1839 794 1881 717.
816 1841 837 1866 a

34 1878 37 1885 ⁴
100 1887 295 1930 Desiderio
315 1886 473 1926 alicuius
496 1888 551 1926 rei
574 1885 671 1925 affici
697 1891 789 1933 182.
813 1885 836 1923 b

103 1944 264 1997 chfitus
291 1958 376 1983 cum
403 1946 569 2000 patiente
595 1945 716 1983 verbo
754 1955 841 1979 con·

157 2003 330 2050 iungitur
693 2001 789 2052 655.
814 1998 840 2038 b

103 2073 240 2115 Deterr
250 2086 314 2113 ere
330 2079 367 2111 et
384 2070 577 2114 cohortari
586 2079 842 2126 opponuntur

701 2132 795 2179 308.
820 2139 843 2165 a

104 2187 276 2233 Διάχυσις
295 2198 366 2240 pro
388 2181 663 2224 exhilaratione
702 2195 785 2236 905
819 2196 841 2221 a

103 2243 267 2293 Dialogi.
295 2245 341 2284 ln
361 2240 520 2290 dialogis
549 2254 648 2296 quae
676 2234 840 2281 scriban-

154 2311 219 2341 tur
705 2299 802 2350 627.
816 2310 838 2336 a

99 2358 334 2406 Δικφόςησις,
361 2368 432 2412 pro
457 2355 576 2397 animi
604 2351 839 2396 relaxatione

729 2423 754 2450 0
786 2441 795 2451 .
816 2424 838 2450 a

97 2469 297 2524 Dibaphus
699 2423 795 2520 ?9{.
811 2468 837 2508 b

97 2528 284 2569 nicaenas
690 2536 786 2568 221,
811 2526 837 2566 b

101 2585 219 2627 Dicto
240 2580 456 2622 audIentem
476 2578 549 2622 effe
565 2579 679 2621 alicui
693 2588 773 2635 538
799 2582 841 2622 b.

160 2640 304 2680 dissum
323 2637 448 2679 dicere
694 2649 793 2692 741.
817 2652 840 2678 a

104 2698 217 2745 Dies,
242 2697 398 2750 quando
428 2693 654 2741 masculine,¹
683 2695 840 2750 quando

158 2753 343 2794 feminine
364 2750 565 2808 vsurpetur
593 2763 653 2806 39.
676 2768 711 2794 a.
739 2751 840 2793 diem

965 435 1178 490 amplitudo
1199 447 1267 488 49.
1292 436 1328 474 b.
1371 432 1545 488 dignitas
1575 445 1645 484 pro

964 494 1115 534 honore
1154 505 1250 544 209.
1282 493 1318 531 b.
1371 490 1532 540 dignitas
1560 489 1643 540 pins

964 553 1027 599 est,
1071 564 1185 604 quani
1224 549 1447 588 existimatio
1492 548 1585 600 836.
1607 558 1641 587 a.

963 609 1125 658 dignitas
1145 608 1184 645 in
1205 604 1356 645 feminis
1376 618 1474 658 quae
1496 602 1642 642 dicatur

965 672 1059 716 848.
1080 679 1113 705 a.
1143 662 1376 718 dignitatem
1393 675 1464 715 pro
1490 660 1638 699 honore

962 721 1132 775 vsurpati
1152 719 1245 759 falso
1264 731 1400 768 negant
1416 717 1535 771 aliqui
1553 719 1641 767 167.

959 780 998 819 b.
1028 779 1254 830 dignitatum
1281 776 1418 827 gradus
1447 778 1487 815 in
1517 774 1640 812 castris

1503 841 1639 883 451·τῆἸ

905 906 1060 962 Dignus
1089 915 1165 945 tam
1196 907 1235 944 in
1272 905 1429 949 bonam,
1455 915 1570 955 quam
1594 901 1636 938 in

956 962 1093 1002 malam
1113 974 1257 1017 partem
1275 962 1421 1014 capitur
1491 964 1545 1011 78
1554 969 1589 1010 3.
1610 956 1635 994 b

903 1020 978 1060 Dii
999 1021 1242 1061 immortales.
1297 1021 1377 1058 Hac
1393 1015 1526 1069 phrasi,
1551 1026 1636 1052 ver-

957 1079 1015 1117 bis
1044 1076 1134 1116 fides
1162 1075 1316 1115 additur
1347 1077 1439 1116 162.
1459 1086 1492 1111 a.
1550 1071 1632 1111 Diis

955 1134 1254 1187 hominibusque
1335 1128 1634 1185 approbantibus

1508 1196 1594 1226 120.
1615 1196 1637 1221 a

898 1260 1123 1312 Diligentius
1175 1260 1298 1300 minus
1329 1260 1379 1298 est
1413 1270 1528 1312 quam
1563 1256 1636 1294 stu-

956 1317 1061 1356 dium
1087 1329 1174 1370 143.
1191 1319 1228 1357 b.
1277 1315 1470 1365 diligentia
1490 1327 1531 1353 re
1556 1310 1633 1365 ipsa

956 1375 1185 1431 praestatur,
1228 1373 1389 1414 studium
1431 1371 1549 1411 animi
1584 1369 1635 1408 est

1548 1429 1586 1469 6.
1611 1426 1634 1464 b

897 1503 1078 1553 Diligere.
1105 1501 1188 1543 Plus
1211 1503 1262 1543 est
1281 1515 1422 1549 amare,
1442 1433 1558 1553 qu3aioii
1575 1494 1634 1534 de·-

948 1562 1064 1614 liges-e
1492 1565 1589 1606 231.
1611 1564 1634 1590 a

896 1619 1032 1657 Dionis
1052 1630 1164 1657 error
1522 1622 1586 1663 32.
1606 1608 1632 1648 b

895 1674 1093 1721 Dionysius
1118 1671 1297 1713 Corinthi
1323 1668 1457 1709 ludum
1482 1667 1633 1721 aperuit

1497 1726 1592 1775 647·
1610 1735 1632 1760 a

896 1799 1074 1854 niploma
1487 1805 1583 1846 409.
1595 1793 1633 1832 b.

895 1857 1111 1904 inscalcius,
1132 1851 1351 1896 Ottonellus
1496 1862 1584 1903 190-
1609 1863 1632 1888 a

896 1913 1096 1956 Discedere
1116 1926 1138 1952 a
1159 1915 1238 1952 vita
1270 1916 1362 1962 148.
1383 1922 1416 1947 a.
1445 1922 1529 1948 cum
1549 1921 1574 1945 a
1593 1916 1631 1946 te

950 1968 1149 2023 disceffbm,
1168 1983 1253 2023 pro,
1265 1978 1302 2007 te
1315 1976 1470 2018 excepto
1494 1975 1510 2004 1
1525 1974 1586 2017 17.
1597 1975 1632 2002 a.

952 2035 1047 2081 408.
1073 2041 1106 2068 a.
1146 2025 1334 2066 discedere
1349 2026 1389 2063 in
1409 2020 1483 2062 alia
1500 2020 1633 2062 omnia

1521 2083 1588 2129 38.
1610 2089 1633 2116 1

895 2154 1126 2209 Discep'tare
1149 2151 1242 2206 quid
1262 2155 1357 2200 263.
1377 2151 1416 2192 b.
1452 2147 1631 2201 discepta-

951 2225 993 2250 re
1013 2210 1060 2250 de
1078 2212 1163 2250 iure
1183 2209 1336 2266 publico
1483 2217 1572 2261 377
1608 2217 1631 2243 a

893 2267 1132 2323 Disceptator
1501 2269 1523 2311 8
1533 2273 1549 2304 1
1556 2272 1595 2302 ο.
1605 2261 1632 2301 b

894 2338 1120 2392 Discribere
1150 2336 1244 2392 quid
1481 2343 1581 2389 753.
1601 2331 1628 2372 b

894 2396 1099 2451 Discupere
1490 2401 1588 2444 599.
1605 2389 1633 2429 b

893 2453 1088 2495 Discutere
1105 2450 1387 2494 cunctationem
1496 2457 1593 2498 720.
1611 2458 1635 2484 a

893 2509 1101 2553 Diffolutus
1506 2513 1595 2556 310.
1612 2515 1639 2541 ι

894 2579 1125 2623 Dissuauiari
1486 2578 1584 2627 918.
1601 2572 1629 2613 b

895 2639 1129 2679 Diuerbium
1148 2634 1243 2690 quid
1490 2631 1587 2673 662.
1606 2642 1629 2668 a

896 2692 1189 2742 Diuerl'eert‘um,
1218 2689 1432 2745 hospitium,
1468 2684 1631 2727 taberna

952 2750 1138 2792 differunt
1497 2744 1593 2796 416.
1615 2755 1635 2780 a

898 2811 931 2848 D
946 2808 968 2847 d
983 2808 1004 2847 d
1019 2808 1040 2847 d
1074 2822 1103 2862 4
1443 2800 1637 2842 Diuidere
