1881 3173
418 119 488 161 [N
518 121 556 161 P.
599 94 885 162 ΜΑιῖιντιι
918 121 1247 162 COMMENT.

69 234 266 290 Chrysippi
309 232 492 274 sententia
539 243 616 284 περὶ
659 240 805 274 δυνατῶν

70 349 207 389 Cicero
238 360 317 400 quo
352 361 455 386 anno
492 357 600 386 natus
645 295 803 391 266166δὸ

126 406 261 445 Cicero
287 403 407 443 libros
436 407 597 444 maxime
625 405 805 458 peruolu-

128 462 230 501 tabat
254 460 428 500 isocratis
458 471 550 514 113.
578 475 610 500 a.
649 472 738 516 150.
769 464 807 502 b.

125 519 294 558 Platonis
316 517 586 558 verecundiam
604 523 753 558 amabat
769 522 809 559 in

127 572 324 627 loquendo
344 578 435 618 660.
459 588 492 614 a.
517 577 652 615 Cicero
671 578 810 615 Demo·

127 633 295 672 sthenem
329 634 420 671 vicit
457 634 495 670 in
528 631 808 673 conscribendis

128 688 293 743 epistolis
319 701 382 743 17.
401 690 437 732 b.
479 703 563 728 eum
591 689 639 729 de
661 688 807 730 duabus

129 746 243 787 rebus
265 748 353 796 agit,
363 748 541 798 primum,
557 745 694 788 deinde
714 746 808 787 solet

129 802 332 856 vsurpare3
378 817 464 850 cum
484 802 531 842 de
559 805 705 853 tribus,
731 806 810 858 pri-

129 874 247 906 mum,
267 858 415 908 deinde,
435 860 638 914 postremo,-
665 875 750 902 cum
762 861 810 901 de

130 927 326 970 quattuor,
355 918 469 956 tertio
492 915 580 957 loco
608 930 691 961 tum
719 917 812 958 inse-

131 975 182 1014 rit
215 976 308 1022 876.
337 987 370 1012 a.
435 972 542 1028 saepe
577 978 727 1028 quaerit
751 990 812 1014 co·

130 1032 246 1086 piant,
267 1044 346 1068 non
362 1040 403 1070 vt
418 1042 565 1080 augeat,
586 1033 810 1072 immutetue

131 1085 367 1133 sententiam,
389 1085 450 1126 sed
471 1098 510 1127 vt
539 1090 715 1142 explanet
737 1103 811 1128 ma-

131 1146 188 1195 gis
215 1147 294 1186 126
325 1159 356 1183 a.
385 1143 536 1184 diuerso
557 1147 674 1185 inodo
701 1147 742 1185 in
770 1159 812 1185 re

132 1200 279 1242 diuersa
333 1211 617 1250 argumentatur
655 1208 746 1256 384.
777 1203 814 1242 b.

87 1256 89 1258 ’
129 1261 172 1299 in
208 1258 601 1298 commendationibus
643 1259 716 1297 hoc
756 1259 814 1297 vti

133 1313 230 1356 solet
265 1316 415 1354 artificii
443 1328 603 1364 genere,
646 1325 688 1354 vt
714 1328 812 1368 quos

133 1374 298 1427 primum
328 1370 481 1421 negauit
507 1382 685 1425 oportere
714 1386 816 1411 com-

133 1427 317 1476 mendari,
358 1428 512 1468 cosdem
556 1430 682 1482 postea
715 1443 816 1468 com·

132 1484 286 1526 mendet
308 1492 401 1538 807.
422 1486 458 1525 b.
501 1486 570 1524 hac
591 1486 816 1538 prudentiae

133 1542 246 1584 laude
267 1541 429 1588 excellit,
462 1552 502 1581 vt
531 1543 571 1580 in
600 1541 815 1590 scribendo,

134 1600 236 1653 quasi
267 1597 483 1651 scopulum,
515 1600 610 1638 vitet
639 1613 818 1649 arrogan-

136 1659 227 1698 tiam
250 1668 344 1707 ρος.
369 1656 404 1694 b.
441 1654 488 1694 de
509 1653 682 1694 laudibus
706 1659 819 1696 Cato-

137 1716 196 1753 nis
217 1711 356 1765 scripsit
372 1724 467 1765 490.
489 1713 526 1751 b.
566 1711 688 1752 multo
718 1712 815 1766 plus,

139 1783 252 1824 quam
280 1768 363 1808 satis
400 1770 464 1816 est,
493 1769 644 1808 auidior
673 1769 818 1818 glouiae

138 1827 214 1868 fuit
237 1829 317 1879 336
349 1839 382 1865 a.
422 1828 547 1865 Attico
578 1826 671 1864 nihil
697 1825 820 1865 occul-

142 1885 245 1925 tabat
263 1890 357 1936 418.
389 1896 420 1921 a.
477 1883 642 1922 decreuit
673 1883 822 1923 Caesari

143 1943 185 1983 in
226 1939 352 1980 senatu
386 1938 676 1993 supplicationes
713 1942 822 1994 qnin-

145 1998 265 2038 deeim
286 1996 431 2035 dierum
446 2004 497 2044 82
520 1999 557 2038 b.
588 1999 699 2045 86.b.
731 1996 823 2036 (210-

148 2056 212 2096 dio
234 2056 390 2094 tribuno
410 2052 531 2107 plebis
546 2054 643 2092 cellit
662 2055 824 2093 aucbri-

919 247 959 273 re
993 235 1167 288 proxime
1206 236 1401 275 nominata
1442 247 1533 289 143.
1563 250 1595 275 a.

916 293 1112 330 Ciceronis
1134 306 1229 340 mos,
1249 291 1376 345 aliqua
1397 308 1436 332 re
1460 308 1598 346 propo·

917 349 1004 396 sita,
1050 348 1157 388 suum
1213 348 1357 389 sensum
1405 353 1598 389 ostendere

921 411 1013 458 805.
1039 406 1076 445 b.
1119 407 1316 445 Ciceronis
1344 406 1390 445 de
1429 410 1595 447 Oratore

917 460 1007 500 libri
1030 474 1118 508 (τες,
1133 461 1369 503 Aristotelico
1390 478 1496 503 more
1509 478 1598 502 con—

918 517 1042 572 scripti
1069 530 1156 571 127.
1181 521 1218 561 b.
1265 519 1362 560 liber
1390 521 1437 561 de
1468 525 1598 570 Augu·

917 577 984 615 riis
1003 585 1098 625 231.
1120 578 1152 614 b.
1185 576 1274 615 libri
1296 578 1341 615 de
1353 577 1594 632 philosophia

919 633 1073 685 quando
1104 626 1228 686 scripti
1250 646 1342 688 495.
1367 638 1388 674 b
1442 635 1530 675 libri
1549 635 1596 675 de

918 687 1124 743 Republica
1153 702 1247 743 524.
1266 705 1299 731 a.
1331 693 1526 736 Ciceronis
1547 692 1599 731 se-

920 746 1043 786 cunda
1083 747 1288 800 Philippica
1321 749 1360 786 in
1392 752 1600 790 Antonium

921 802 1055 857 scripta
1083 803 1167 852 fuit,
1189 819 1268 843 non
1297 805 1423 845 habita
1450 818 1547 859 755.
1566 821 1600 849 a.

921 860 968 900 de
988 862 1079 900 iocis
1100 863 1296 901 Ciceronis
1326 865 1428 902 Tiro
1457 862 1600 904 librum

921 916 1132 971 composuit
1156 929 1247 971 510.
1267 932 1300 959 a.
1354 918 1495 960 librum
1514 920 1600 960 scri-

921 976 989 1029 psit
1021 976 1246 1014 Trebonius
1277 977 1322 1014 de
1353 976 1460 1017 dieiis
1495 979 1602 1018 Cice·

922 1034 1027 1071 ronis
1047 1043 1142 1084 770.
1162 1045 1194 1070 a.
1226 1034 1424 1072 Ciceronis
1437 1036 1602 1086 pruden-

920 1091 987 1134 tia,
1008 1091 1086 1140 qui,
1108 1103 1191 1126 cum
1212 1090 1378 1129 euersam
1397 1092 1602 1144 rempubli-

922 1159 1003 1183 cam
1029 1157 1231 1196 queratur,
1260 1146 1454 1186 Caesarem
1493 1152 1603 1201 culpa

922 1200 1060 1240 liberat
1079 1207 1174 1252 298.
1195 1202 1218 1239 b
1262 1204 1458 1242 Ciceronis
1473 1206 1604 1244 stoma·

924 1257 1013 1297 chus
1036 1268 1101 1309 93.
1123 1271 1155 1295 a.
1214 1259 1410 1299 Ciceronis
1438 1263 1479 1300 in
1511 1276 1602 1315 pro·

923 1315 1049 1354 vincia
1080 1314 1308 1366 quaestores,
1338 1316 1463 1366 legati,
1494 1332 1602 1371 prae-

924 1370 1014 1411 sedii
1062 1382 1307 1411 euocatorum
1359 1385 1395 1412 et
1432 1374 1606 1422 fabrum

926 1427 1057 1473 scriba,
1069 1426 1253 1474 accensus,
1265 1431 1451 1483 interpres
1463 1444 1553 1485 214.
1567 1435 1592 1472 b

926 1485 1121 1525 Ciceronis
1145 1484 1305 1524 consulis
1339 1489 1603 1530 iusiurandum

931 1548 1009 1595 308
1043 1542 1078 1579 b.
1132 1542 1210 1578 eius
1231 1544 1355 1582 oratio
1382 1544 1428 1583 de
1449 1548 1607 1598 prouin-

928 1601 994 1637 ciis
1017 1596 1273 1636 confidat-ibus
1287 1603 1338 1652 83
1366 1614 1397 1640 a.
1428 1613 1464 1640 et
1480 1605 1520 1640 in
1532 1608 1603 1643 Va-

929 1657 1064 1694 tinium
1085 1653 1177 1693 ibid.
1225 1657 1402 1697 Ciceroni
1421 1659 1604 1708 vfitatum,

929 1722 971 1751 vt
1014 1709 1142 1749 omiss'a
1179 1709 1378 1752 subtiliore
1417 1729 1606 1757 annorum

930 1769 1234 1821 computatione,
1264 1767 1472 1811 summatim
1517 1784 1608 1813 tem·

931 1839 1000 1880 pus
1021 1824 1315 1876 comprehendat
1339 1831 1475 1881 567.a.
1502 1832 1609 1870 Cice·

932 1883 1021 1921 roni
1055 1892 1184 1930 togato
1212 1881 1431 1936 supplicatio
1461 1885 1609 1927 decreta

935 1942 1029 1990 864.
1052 1939 1087 1977 b.
1120 1944 1136 1975 ί
1152 1940 1306 1977 icerone
1326 1943 1524 1983 florentior
1547 1959 1610 1984 ne-

934 2009 998 2034 mo
1019 1996 1079 2038 est,
1102 1996 1306 2034 verborum
1333 2001 1462 2050 copia,
1491 2012 1527 2040 et
1549 2016 1611 2040 or-

934 2054 1118 2090 namentis
1135 2054 1288 2091 Latinae
1307 2052 1456 2104 linguae
1474 2059 1614 2112 153.b.

147 2114 218 2154 bus
240 2113 434 2164 Pompeio,
450 2112 665 2158 Hortenfio,
693 2123 729 2150 et
759 2114 825 2149 Ar-

149 2172 210 2210 rio
233 2176 326 2220 839.
347 2170 383 2207 b.
422 2181 542 2217 augur
572 2166 645 2206 fuit
671 2174 762 2221 528.
786 2168 825 2206 b.

151 2239 217 2267 cur
235 2227 458 2264 Terentiam
482 2223 665 2264 dimiserit
690 2235 762 2276 301
791 2225 827 2263 b.

878 2123 1074 2163 Ciceronis
1114 2121 1189 2160 filia
1235 2134 1292 2161 ter
1328 2128 1448 2180 nupsit
1484 2139 1550 2181 72.
1572 2130 1613 2174 b,

939 2180 1132 2218 Ciceronis
1175 2177 1274 2217 filins
1311 2183 1419 2222 binos
1458 2188 1613 2234 congio·

941 2234 1045 2274 fimul
1064 2236 1215 2275 haurire
1234 2236 1384 2287 solitus‚'
1397 2243 1447 2279 ita
1464 2244 1613 2282 strenue

151 2284 346 2323 (si-geronis
416 2280 606 2329 ἅυιςορησία
657 2293 738 2334 243
790 2281 828 2319 b.
939 2294 1094 2332 bibebat
1468 2310 1561 2352 909
1586 2301 1612 2340 b

152 2354 236 2380 mos
284 2341 340 2377 in.
370 2340 527 2404 Graecis.
559 2337 828 2376 conuertendis
883 2363 1086 2402 Cicerones
1111 2361 1209 2401 vnde
1233 2361 1325 2404 dieti
1531 2382 1557 2422 9
1590 2383 1615 2411 ⁸

157 2409 250 2450 115.
271 2410 303 2434 a.
353 2397 602 2460 Ciceroniana
652 2395 702 2434 est
742 2408 829 2432 con·
887 2421 1029 2460 &lones
1049 2420 1149 2458 vnde
1177 2420 1268 2459 dicii
1475 2401 1570 2479 204i
1591 2441 1615 2467 a

155 2452 328 2498 suetudo,
356 2466 435 2490 non
464 2467 542 2491 ems
574 2452 679 2518 q”.⁰d
709 2464 830 2515 prope
885 2492 928 2529 C,
982 2492 989 2517 ἱ
1073 2489 1083 2528 ¹

156 2510 269 2556 adest,
301 2508 363 2548 sed
391 2509 495 2562 quod
529 2508 679 2558 longius
709 2509 830 2554 distat,
918 2504 1037 2529 ”mus
1061 2506 1106 2528 ‘e
1130 2505 1290 2530 ⁶⁰¹¹¹¹²¹¹⁵
1478 2498 1569 2548 659·
1589 2499 1615 2538 b

157 2568 322 2606 nominis
361 2565 500 2605 habere
532 2568 740 2609 rationem3
778 2574 831 2608 vt.

157 2624 266 2666 lucus
296 2622 384 2668 ille,
404 2634 442 2662 et
465 2623 553 2662 haec
579 2623 832 2672 Arpinatittm

158 2693 315 2737 quercus
348 2680 566 2733 agnoscitur
592 2678 702 2730 fiepe
727 2692 751 2716 a
780 2690 837 2715 me

160 2735 277 2779 lenus
293 2736 331 2773 in
352 2735 486 2775 Mario
503 2747 571 2788 73.
595 2749 627 2773 a.
685 2735 837 2772 Cicero-

162 2794 222 2833 nis
261 2789 495 2834 consuetudo
523 2794 566 2832 in
602 2789 837 2840 fignificanda

887 2564 992 2602 Ciuis
1038 2564 1228 2599 Romanus
1287 2563 1549 2606 ostendebatur
1594 2582 1618 2608 a

946 2620 1192 2672 praenomine
1224 2617 1308 2665 suo,
1348 2634 1368 2658 a
1398 2625 1563 2670 nowine,
1594 2639 1617 2664 a

950 2677 1066 2728 patric
1097 2679 1362 2727 praenomine,
1393 2692 1410 2715 a
1440 2682 1564 2729 trilm,
1594 2696 1618 2721 a

950 2734 1174 2780 cognomine
1204 2743 1283 2783 559
1317 2747 1348 2772 a.
1402 2737 1520 2775 ciuem
1550 2738 1618 2777 bo·

952 2803 1041 2827 num
1064 2802 1084 2825 a
1104 2789 1207 2827 bono
1237 2802 1320 2828 viro
1340 2790 1530 2842 distinguit
1557 2797 1618 2833 Ci-

895 2844 1033 2884 Dddd
1064 2858 1090 2886 2
1531 2865 1620 2911 cerff
1654 2884 1656 2888 ,
