1881 3173
219 104 287 146 IN
314 103 433 143 CXC.
465 103 655 144 Ems‘r.
692 104 829 149 FAM.
858 103 1055 143 L113.1x.
1093 103 1289 143 EPIST.
1317 105 1417 147 XXI.

109 213 227 254 Nihil
246 212 320 254 tibi
336 226 427 268 opus
445 213 497 267 est
513 213 622 256 illud
643 230 668 255 a
698 216 794 256 Tra-

48 269 132 322 bea]
162 272 254 311 Non
276 284 373 326 opus
397 273 462 319 est,
481 282 522 311 vt
553 273 670 312 verba
691 273 795 312 Tra·

46 329 144 370 beae
165 338 301 382 poetae
321 330 362 367 in
383 339 421 369 te
441 332 652 369 conuenire
672 328 795 376 diem

46 386 91 428 in
126 399 187 425 me
236 387 338 425 enim
378 388 505 439 potius
545 388 794 427 conueniunt.

48 442 233 482 Trabeae
261 440 415 482 versum
444 442 622 497 posuerat
648 446 795 491 Paetus,

49 512 131 552 qino
159 499 456 549 significabatur,
491 514 570 540 non
599 500 796 541 succedere

49 553 132 603 illi,
158 554 264 611 quod
293 555 483 620 aggi-effus
514 569 616 598 erat:
664 557 702 596 id
732 560 796 605 est,

52 627 132 652 non
168 611 273 667 ‘poss‘e
302 627 391 653 eum
425 614 606 668 consequi
635 612 794 654 fulmina

51 669 264 722 verborum
282 671 492 710 Ciceronis.
549 673 726 711 'frabeae
740 671 794 710 lo-

51 740 136 766 eum
148 728 330 766 octauum
339 729 380 766 in
392 728 590 768 comoedia
603 727 794 768 Volcatius

51 782 241 834 Sedigitus
267 784 433 834 affignat.
469 788 690 825 nominatur
724 783 794 824 lib.

50 853 92 886 2.
117 841 164 880 de
184 843 267 881 Fin.
299 855 328 880 c.
343 855 383 896 4.
403 843 445 881 in
477 841 645 895 Tusc.4.
676 856 694 880 c
728 852 792 894 31.

52 908 91 939 et
111 913 133 951 a
153 897 282 938 Gellio
310 897 376 938 lib.
397 910 456 953 ¹5·
491 911 597 954 c.24.
644 898 795 938 ‘Habea

52 965 190 1010 poetae
211 968 423 1006 cognomen
442 956 505 1001 est,
535 970 616 995 uon
640 969 795 994 nomen.

51 1027 212 1052 vernam
231 1014 333 1062 enim
353 1013 496 1066 opinor
514 1011 638 1061 fuiffe,
657 1012 796 1052 deinde

52 1068 334 1110 manumissum.
386 1069 477 1108 inde
510 1081 620 1110 vetus
653 1083 796 1109 nomen

52 1127 191 1166 mansit
201 1139 273 1180 pro
294 1128 536 1178 cognomine.
621 1128 753 1175 Dicsstus
775 1139 797 1165 a

52 1197 192 1234 genere
231 1184 365 1222 vestis:
406 1185 512 1222 cuius
547 1185 618 1222 tria
660 1197 799 1234 genera

53 1240 259 1282 Suetonius
282 1238 450 1279 inlibro
477 1240 524 1279 de
551 1241 799 1289 vestimentis,

53 1296 212 1338 'auetore
246 1298 381 1336 Seruio
411 1298 450 1335 in
488 1296 640 1346 Virgilii
671 1296 737 1336 lib.
756 1309 799 1350 7.

53 1357 146 1396 Aen.
173 1368 208 1393 v.
224 1360 317 1406 187.
344 1352 453 1393 fuisse
484 1354 660 1402 ostendit,
680 1368 801 1394 vnum

56 1426 78 1452 e
98 1409 174 1450 sola
208 1423 392 1465 purpura,
418 1410 490 1450 diis
519 1410 801 1454 consecratum:

52 1467 218 1508 alterum
240 1481 261 1506 e
284 1481 468 1521 purpura,
490 1483 568 1508 non
603 1469 677 1508 fine
697 1467 800 1518 albo,

53 1539 134 1579 quo
155 1537 260 1574 reges
282 1525 509 1565 vtebantur:
551 1527 707 1565 tertium
736 1539 801 1565 au-

54 1580 188 1633 gurale
212 1595 233 1621 e
251 1595 420 1635 purpura
452 1593 490 1621 et
519 1596 644 1622 cocco.
673 1581 801 1622 secun-

55 1639 147 1679 dum
170 1652 288 1689 genus
309 1639 357 1678 ab
382 1641 593 1692 equitibus,
622 1654 706 1678 cum
727 1650 801 1678 tra-

54 1697 162 1738 beati
187 1696 315 1734 idibus
344 1697 477 1743 Quint.
510 1697 801 1735 transueheren·

0 1759 1 1762 ’
58 1763 136 1800 tur,
155 1751 376 1805 vsurpatum
386 1762 501 1805 puto:
531 1763 572 1791 vt
583 1767 716 1803 regum
736 1766 802 1806 po-

56 1811 144 1855 tius,
174 1822 288 1862 quam
318 1808 502 1855 deorum,
535 1820 601 1848 aut
634 1809 803 1849 sacerdo·

55 1877 138 1908 tum
159 1867 338 1906 amiGtum
366 1867 618 1905 imitarentur.
648 1867 721 1906 hoc
740 1879 803 1905 au-

59 1934 137 1965 tem
156 1936 296 1973 genere
317 1921 402 1961 vsos
422 1921 494 1961 effe
506 1925 620 1962 etiam
642 1937 721 1970 eos,
734 1924 802 1976 qui

58 1981 360 2033 triumphabant,
381 1977 570 2018 Ausonius
590 1991 703 2033 poeta
733 1979 800 2019 do-

61 2047 131 2078 cet.
160 2051 262 2084 nam,
279 2037 345 2076 vbi
368 2035 553 2076 ‘Gratiano
578 2038 804 2091 lmperatori

61 2108 136 2150 pro
155 2090 352 2134 consulatu
377 2095 515 2142 gratias
533 2095 622 2142 agit,
639 2108 668 2134 c.
688 2106 748 2146 ις.
760 2095 802 2133 in

57 2150 270 2206 procinflu,
290 2151 428 2203 inquit,
447 2162 485 2190 et
509 2153 675 2190 maxime
691 2149 804 2190 dimi-

62 2219 233 2254 caturus,
245 2207 443 2259 palmatae
454 2207 565 2261 vestis
576 2221 682 2259 meae
691 2221 805 2246 orna·

61 2275 194 2305 menta
227 2263 407 2316 disponis,
434 2262 612 2314 feliciter
641 2262 678 2303 et
709 2261 803 2303 bono

64 2324 196 2362 omine.
218 2364 221 2367 ¹
281 2320 462 2375 Namque
484 2319 551 2373 iste
574 2319 739 2367 habitus,
760 2328 805 2359 vt

66 2379 108 2418 in
122 2389 216 2429 pace
229 2377 390 2426 consulis
409 2375 543 2429 fffistc
564 2377 606 2414 in
627 2375 804 2422 viHoria,

65 2433 350 2486 triumphantis.
406 2433 552 2471 Parum
569 2432 634 2486 ξβ,
660 2431 698 2485 fi
715 2446 806 2488 qua-

66 2491 117 2531 lts
130 2488 185 2529 ud
200 2505 259 2530 me
277 2488 409 2530 trabea
427 2490 625 2536 mittatur,
643 2491 806 2528 interro-

60 2560 139 2603 ges,
160 2559 195 2586 te
213 2559 338 2586 coram
363 2547 491 2596 promi
516 2544 632 2584 iubes.
711 2546 806 2593 Qi-

67 2604 139 2642 bus
164 2616 210 2641 ex
237 2602 367 2641 verbis
398 2602 563 2655 primurn
591 2598 689 2640 illud
720 2615 808 2640 eon·

70 2659 153 2708 stat.
189 2657 458 2712 triumphalem
507 2659 688 2696 Romanis
734 2668 808 2696 tra-

57 2715 178 2767 vbeatu
198 2714 326 2758 fuiss‘e3
351 2713 454 2767 quod
486 2713 577 2752 alibi
613 2727 692 2752 non
720 2711 811 2763 legi·

1507 104 1592 160 653

849 213 973 268 piola:
1025 213 1164 254 deinde
1193 213 1446 264 consularem,
1486 217 1596 269 quod

850 269 1083 325 reipublicae
1111 274 1350 326 temporibus
1375 274 1596 313 inufitatum

849 327 944 369 fuit:
975 340 1170 382 praetexta
1203 333 1304 368 enim
1326 342 1414 369 tuuc
1441 342 1477 369 et
1505 344 1593 369 con·

850 385 948 426 sules
970 396 1008 425 et
1027 386 1168 439 reliqui
1179 387 1416 435 magistratus
1439 387 1596 427 vteban-

851 452 934 482 tur:
961 444 1167 496 postremo,
1199 444 1367 483 trabeam
1398 454 1435 483 et
1455 444 1596 497 palma-2

851 511 927 539 tarn
946 500 1085 540 vestem
1098 500 1201 540 idem
1223 500 1316 540 esse:
1347 501 1451 554 quod
1473 504 1600 540 cuius·

852 557 957 596 modi
978 559 1033 604 fit,
1055 558 1381 597 considerandum.
1405 569 1470 596 aut
1489 561 1596 597 enim

852 613 898 652 de
920 613 1081 667 palmata
1097 617 1224 654 tunica
1247 613 1435 668 loquitur,
1463 626 1528 654 aut
1547 614 1598 654 de

850 668 1012 724 palmata
1033 682 1132 720 toga.
1189 674 1226 710 ai
1246 675 1293 711 <le
1305 675 1445 720 tunica,
1459 671 1612 711 diss'em

851 729 895 767 tit
916 741 936 766 a
953 726 1163 781 Floro,qui
1185 727 1250 768 lib.
1268 741 1302 771 1.
1316 740 1352 768 c.
1368 741 1402 781 5.
1423 730 1596 770 trabeam

849 795 887 824 et
915 783 1118 838 palmatam
1152 787 1316 824 tunicam
1354 788 1393 824 in
1423 788 1596 840 Tarqui·

849 845 917 882 nio
948 840 1071 880 Prisco
1100 840 1299 896 separatim
1331 846 1524 882 nominat:
1557 854 1597 884 et

854 897 997 938 Plinius
1019 896 1085 938 lib.
1107 910 1146 952 9.
1196 914 1227 938 c.
1251 911 1316 952 39.
1354 897 1548 950 distinguit
1573 914 1596 940 a

852 958 983 996 trabea
1010 959 1178 995 tunicam
1218 953 1284 994 lati
1316 955 1433 996 claui:
1479 957 1600 1001 latum

853 1013 1002 1052 clauum
1024 1026 1150 1052 autem
1176 1011 1379 1066 palmatam
1407 1012 1478 1053 effe
1498 1016 1603 1054 tuni«

853 1085 933 1109 calu
948 1071 1152 1109 ostendam.
1212 1068 1352 1109 Plinius
1372 1074 1487 1118 euim,
1505 1085 1602 1123 pur-

850 1141 986 1182 purae,
1017 1130 1082 1174 ait,
1118 1128 1227 1178 osum
1275 1128 1418 1168 Romae
1445 1129 1600 1181 semper

847 1181 962 1239 fu’ffi'
984 1184 1107 1232 vidi-o,
1115 1185 1191 1236 sed
1207 1185 1368 1226 Romulo
1388 1187 1428 1224 in
1448 1185 1602 1225 trabea.

859 1241 969 1281 Nam
1002 1253 1091 1297 toga
1131 1252 1360 1294 praetexta,
1395 1253 1429 1282 et
1458 1243 1603 1282 latiore.

853 1299 965 1338 clauo
994 1298 1152 1338 Tullum
1170 1298 1373 1351 Hostilium
1394 1314 1415 1340 e
1446 1298 1605 1354 regibus.

849 1358 1019 1409 primum
1051 1353 1172 1407 vficm,
1204 1356 1377 1407 Etrtfiis
1423 1354 1605 1404 danielis,

843 1413 950 1463 satis
966 1411 1122 1464 constat.
1180 1411 1384 1451 Diuersum
1414 1425 1436 1450 a
1471 1412 1602 1452 trabea

855 1468 975 1509 latum
1006 1467 1158 1508 clauum
1188 1479 1318 1522 aperte
1358 1469 1606 1509 demonstrat.-

854 1537 893 1567 at
907 1524 1003 1565 latus
1025 1524 1154 1565 clauus
1173 1527 1199 1565 fi
1219 1527 1303 1579 post
1324 1526 1516 1566 Etruscam
1544 1528 1605 1566 vi,

855 1585 1017 1624 &oriam
1041 1585 1083 1622 in
1106 1583 1242 1623 vrbem
1265 1585 1384 1631 venit,
1418 1593 1518 1622 certe
1544 1592 1603 1622 tu-

856 1642 940 1679 nica
962 1638 1127 1694 palmata
1146 1638 1241 1685 fuit;
1267 1653 1382 1692 quam
1400 1654 1487 1679 cum
1511 1650 1602 1689 toga

855 1698 955 1751 pieta
984 1699 1146 1736 Romam
1174 1709 1219 1735 ex
1260 1699 1411 1736 Etruria
1450 1695 1605 1737 allatam

857 1752 943 1800 ess'e,
963 1767 1043 1792 non
1062 1752 1180 1792 modo
1201 1751 1350 1801 Florus,
1387 1767 1523 1793 verum
1550 1764 1607 1793 et·-

856 1812 934 1850 iam
964 1811 1163 1856 Dionysius
1197 1809 1335 1850 affer-it.
1387 1819 1424 1849 et
1448 1810 1605 1851 videtur

858 1869 984 1907 Festus
1018 1866 1120 1906 idem
1161 1867 1381 1916 fignificare‚
1413 1881 1499 1906 cum
1525 1869 1602 1908 ait:

862 1924 1013 1964 Tunica
1031 1924 1213 1977 palmata
1238 1938 1264 1962 a
1290 1923 1506 1964 latitudine
1526 1925 1606 1965 cla-

859 1994 995 2022 vorum
1011 1978 1226 2028 dicebatur,
1245 1994 1343 2036 quae
1363 1986 1465 2021 num·
1491 1994 1514 2020 a
1537 1995 1606 2037 ge·

859 2051 948 2077 ner-e
963 2035 1141 2090 piHurae
1158 2038 1391 2090 appellatur.
1426 2039 1519 2077 Non
1531 2039 1602 2088 igi-

859 2104 923 2134 tur
941 2093 988 2132 de
1007 2095 1150 2141 tunica,
1173 2092 1236 2133 sed
1254 2092 1302 2133 de
1322 2103 1410 2143 toga
1423 2093 1606 2147 palmata,

860 2164 975 2204 quam
1005 2153 1180 2190 nominat
1208 2152 1417 2198 Martialis,
1453 2150 1605 2191 locutus

859 2206 1050 2247 Ausonius
1072 2208 1239 2247 videtur.
1270 2208 1375 2260 quod
1403 2209 1428 2246 fi
1456 2211 1507 2247 ita
1530 2209 1607 2253 ests

860 2263 1044 2317 sequitur,
1061 2276 1103 2304 vt
1124 2274 1212 2314 toga
1240 2264 1402 2318 palmata
1432 2265 1475 2303 fit
1500 2265 1606 2305 idem

861 2335 947 2360 cum
968 2332 1056 2370 toga
1077 2323 1190 2375 pieia.
1227 2336 1316 2360 nam
1344 2321 1482 2360 eodem
1516 2321 1606 2361 loco

860 2377 1055 2425 subiungit
1083 2377 1290 2418 Ausonius:
1341 2381 1446 2418 Haec
1474 2380 1606 2431 plane,

861 2433 953 2475 haec
973 2435 1023 2490 5st
1043 2436 1166 2488 ρι’έῖα,
1202 2446 1245 2476 vt
1279 2434 1442 2483 dicitur,
1469 2435 1607 2488 vistis.

861 2503 936 2530 non
965 2494 1089 2547 magis
1119 2505 1214 2531 auro
1239 2492 1334 2543 suo,
1372 2505 1487 2546 quam
1525 2495 1608 2532 tuit

862 2546 1000 2587 verbis.
1080 2549 1150 2586 Sed
1171 2547 1403 2600 reipublicae
1425 2550 1608 2601 tempori-

863 2603 935 2643 bus
954 2615 1042 2653 toga
1062 2606 1163 2658 pitsta
1197 2618 1405 2657 numquam
1435 2605 1608 2645 consules

863 2660 916 2699 vfi
937 2659 1034 2699 sunt.
1093 2665 1238 2700 Aurum
1273 2675 1430 2715 quoque
1454 2662 1609 2708 trabeae

866 2715 941 2764 dat,
962 2730 1041 2756 non
1065 2716 1197 2756 solu'in-
1213 2720 1253 2756 in
1271 2719 1458 2764 hocloco,
1483 2709 1553 2757 se&
1566 2721 1608 2758 in

69 2784 181 2819 mun
219 2771 502 2826 triumphabant
525 2772 628 2810 enim
651 2771 695 2809 in
719 2781 810 2826 toga
866 2782 1034 2814 extrema
1063 2776 1189 2829 „etiam
1220 2778 1427 2824 gratiarum
1454 2777 1607 2817 afflone

1497 2845 1526 2870 c·
1545 2841 1611 2883 25οἱ
