1881 3173
526 136 593 176 IN
630 97 744 176 elil.
782 130 974 173 EPIST.
1003 128 1138 170 ΒΑΜ.

61 257 253 300 Exercitus
293 251 379 292 satis
403 251 525 305 probe
553 258 710 288 ornatus
739 261 804 286 au-

119 314 217 354 xiliis
239 323 276 352 et
293 309 454 364 quadam
466 308 693 346 ati&oritate
704 302 805 358 apud

119 372 214 411 alios
236 369 402 409 nominis
421 365 663 418 imperatoris
686 373 719 409 2,¹
740 373 806 408 10,

753 425 809 471 39

65 496 273 539 Exhaurire
303 492 469 546 aliquam
498 500 643 545 partem
681 503 725 528 ex
756 486 809 527 al-

120 554 238 593 terius
259 550 434 590 laudibus
454 561 493 602 9,
520 560 584 600 14,
605 557 700 600 251.
730 548 806 586 Ex-

121 610 280 650 haurire
308 606 488 646 daim-em.
575 607 665 644 Non
697 600 807 641 facile

123 666 317 706 exhauriri
360 665 431 702 tibi
471 660 591 715 ipsum
630 659 807 699 dolorem

0 735 1 783 Q
123 723 227 778 posl'e
274 719 494 761 vniuersum
547 729 640 773 puto
671 730 707 770 5,
741 718 808 762 16,

732 784 808 825 ¹27

68 849 253 893 Exhedria
572 857 613 899 7,
634 857 701 896 23,
725 854 809 896 194

68 911 255 950 Exlfibere
283 903 397 943 alicui
414 901 623 942 molestiam
657 913 717 941 12.
748 912 810 952 30,

131 978 225 1020 377.
255 963 435 1002 exhibere
466 961 579 999 alicui
599 956 811 998 molestiam

124 1037 210 1061 cum
238 1018 404 1073 impensa
627 1023 664 1064 g,
683 1025 809 1066 1.205

69 1096 226 1142 Exigere
248 1091 458 1140 legitimum
483 1089 540 1126 ius
560 1087 606 1125 ad
630 1086 813 1125 suunuam

129 1151 366 1190 seueritatem
390 1152 427 1194 8,
447 1149 487 1192 6,
510 1158 553 1186 2:
566 1158 602 1196 4.
660 1145 810 1191 exigere

125 1209 267 1256 magis,
296 1218 412 1257 quam
452 1215 588 1251 rogare
626 1213 662 1248 2,
686 1203 723 1242 6.,
748 1210 812 1250 34,

127 1267 276 1313 exigere
298 1261 439 1300 tributa
462 1272 498 1312 3,
519 1270 560 1312 7,
582 1261 647 1300 62.
692 1258 814 1303 exige-

125 1336 169 1361 re
188 1318 386 1368 vefflgalia
576 1327 641 1360 12,
657 1326 717 1366 15>
759 1314 810 1353 61

70 1394 244 1434 Eximere
263 1404 306 1428 ex
327 1385 522 1427 obfidione
611 1398 648 1438 5,
670 1388 706 1432 5,
731 1394 746 1423 1
762 1394 812 1423 12

69 1449 342 1491 Existimabam
362 1445 535 1483 homines
559 1441 604 1481 de
626 1456 692 1481 tuo
724 1453 813 1479 cou-

127 1505 209 1547 filio
236 1518 279 1544 ex
297 1513 439 1541 euentu
468 1513 498 1541 ι,
526 1511 567 1552 7,
592 1512 654 1540 10.
695 1498 816 1536 existi-

125 1577 231 1604 mare
272 1562 368 1600 bene
407 1558 454 1595 de
491 1555 622 1609 aliquo
659 1568 724 1607 13,
747 1557 816 1604 69,

128 1627 224 1672 428.
252 1618 461 1656 existimare
495 1620 639 1666 optime
676 1615 720 1649 de
751 1614 817 1647 ali-

129 1691 209 1730 quo
244 1685 307 1726 13,
343 1676 402 1718 26,
435 1682 528 1723 394.
612 1668 817 1707 existimari

128 1736 228 1775 bene
258 1732 303 1769 de
334 1728 481 1768 medico
517 1726 647 1768 scribis
681 1728 746 1772 16,
779 1736 818 1774 4,

733 1788 817 1833 482

76 1859 308 1904 Existimatio
340 1855 385 1895 de
416 1855 580 1894 comitiis
612 1850 819 1891 consulari-

133 1920 204 1958 bus
225 1913 462 1955 incertiffima
487 1919 524 1960 g,
549 1923 587 1956 2,
611 1921 664 1951 20
680 1934 703 1947 -.
741 1909 818 1947 exi-

138 1976 301 2015 stimatio
325 1983 360 2010 et
376 1970 540 2020 dignitas
559 1980 623 2007 tua
650 1967 744 2004 mihi
763 1978 817 2003 ca-

133 2032 270 2072 riffima
290 2032 341 2068 est
653 2035 689 2076 3,
706 2036 746 2076 4,
767 2023 820 2075 56

81 2107 210 2145 Exitus
236 2102 373 2141 exstitit
401 2099 458 2138 tui
479 2095 610 2135 iudicii
631 2092 819 2144 gloriosus

140 2174 175 2214 3.
205 2170 265 2205 11,
284 2169 351 2210 75.
411 2169 525 2207 quem
552 2155 692 2192 exitum
723 2152 821 2188 acies

79 2224 83 2227 '
135 2218 312 2257 habitura
336 2215 388 2258 tit,
407 2213 581 2251 diuinare
602 2222 716 2248 nemo
739 2217 823 2260 pot·

138 2276 189 2314 est
206 2276 246 2320 6,
265 2285 301 2325 3,
321 2281 415 2322 143.
497 2269 617 2306 exitus
649 2266 823 2304 omnium

138 2329 331 2372 bellorum
356 2327 489 2365 incerti
509 2323 593 2364 sunt
618 2325 657 2370 6,
685 2332 824 2374 1-139.

82 2393 87 2396 “
136 2386 318 2428 meliores
373 2382 570 2423 habebunt
618 2380 738 2419 exitus
785 2389 823 2424 2,

684 2437 748 2482 16,

86 2519 269 2559 Exortum
295 2514 375 2552 istic
402 2508 548 2552 bellum
573 2508 625 2547 est
659 2519 725 2554 12,
766 2439 823 2604 ἓξ,

89 2641 268 2697 Expedit.
296 2639 399 2690 Qid
421 2641 566 2680 reftum
579 2637 633 2683 fit,
643 2573 824 2688 appaietz

144 2699 238 2754 quid
261 2699 448 2752 expediat,
468 2696 669 2737 obscurum
698 2704 734 2741 ς,
758 2700 823 2742 19,

150 2769 239 2809 132.
269 2755 446 2809 expedire
473 2756 616 2793 exitum
635 2749 824 2788 institutae

147 2814 334 2855 orationis
359 2824 397 2866 3,
415 2817 564 2865 12,78.
594 2803 828 2862 expedienda

917 245 1030 285 vobis
1062 240 1148 281 sunt
1179 239 1271 279 haec
1305 239 1437 278 omnia
1473 249 1535 284 ¹2,
1567 247 1604 284 1,

863 356 1050 413 Expedite
1068 355 1241 394 exercitu>
1262 363 1328 405 15,
1351 363 1390 403 4,
1411 357 1508 403 458.
1524 305 1606 388 33¹5.

922 416 1048 469 pedica
1081 413 1121 452 fit
1148 411 1276 465 pensio
1310 409 1388 447 Kal.
1425 413 1502 445 lan.
1537 410 1605 453 16,

918 486 986 525 24.
1005 482 1097 524 500.
1129 467 1324 522 expeditae
1345 463 1513 514 legiones
1537 474 1605 510 10,

923 534 1084 581 15,289
1127 523 1322 578 expeditae
1346 525 1513 560 rationes
1538 531 1606 566 10,

918 597 986 635 23,
1009 595 1102 636 302.
1132 579 1476 635 expedita,negotia
1509 590 1543 623 Ι,
1567 589 1605 629 3,

922 655 958 693 5.
1035 639 1218 691 expeditis
1257 638 1370 676 rebus
1412 634 1608 682 omnibuS,

919 697 1207 749 tranquilloque
1231 697 1323 734 statu
1347 693 1510 732 ciuitatis
1541 702 1606 738 ιο,

923 761 962 803 8,
983 761 1078 802 281.
1108 753 1321 805 expeditius
1340 754 1413 789 iter
1437 761 1607 789 commu·

921 814 979 850 nis
1021 809 1172 855 salum,
1202 823 1316 862 quam
1353 821 1460 846 meae
1484 804 1607 844 laudi·

922 867 994 907 ess'e
1015 866 1121 906 volui
1144 865 1236 905 ibid.
1259 877 1356 918 279.
1411 860 1611 917 expeditis·

921 926 1009 964 fima
1039 927 1195 977 pecunia
1226 934 1290 968 11,
1311 935 1377 975 24,
1404 933 1495 973 337.
1548 932 1610 958 ex-

922 981 1184 1036 peditiffimam
1216 981 1456 1034 prouinciam
1488 976 1614 1016 trade-

925 1053 967 1078 re
990 1037 1188 1077 successori
1437 1047 1473 1086 3,
1499 1061 1534 1080 ,,
1556 1044 1611 1086 55

868 1107 1080 1163 Expensum
1109 1107 1210 1147 ferre
1249 1119 1284 1160 5.
1305 1117 1373 1150 20,
1399 1107 1494 1157 136.
1550 1117 1612 1142 ex·

924 1164 1084 1220 pensum
1106 1167 1238 1204 [xiciae
1275 1161 1448 1217 proferre
1480 1173 1519 1213 9,
1546 1173 1615 1207 10,

925 1233 1023 1275 247.
1068 1221 1266 1274 expensam
1303 1219 1391 1259 tulit
1420 1217 1615 1266 legionem

923 1281 967 1320 C.
987 1277 1138 1318 Caesari
1160 1279 1363 1330 Pompeius
1414 1281 1450 1323 8,
1470 1289 1510 1326 4,
1530 1284 1611 1316 211

867 1336 1132 1386 Experientm.
1187 1338 1294 1383 Quae
1319 1333 1526 1371 constantia
1551 1345 1613 1370 me

925 1393 974 1431 ad
1003 1393 1098 1431 banc
1129 1393 1400 1446 experientiam
1435 1389 1619 1427 excitaui·

1372 1451 1614 1497 10‚18,293

871 1523 1069 1574 Expertem
1097 1529 1134 1558 te
1175 1518 1291 1559 video
1325 1517 1411 1558 fore
1440 1517 1616 1555 omnium

925 1576 1183 1631 periculorum
1397 1587 1436 1625 4·
1453 1585 1516 1626 14,
1533 1584 1616 1625 133

873 1634 1087 1688 Expiscatus
1113 1632 1194 1672 sum
1224 1635 1271 1671 ab
1301 1629 1369 1670 illo
1401 1643 1529 1669 omma
1573 1641 1617 1682 9,

1443 1690 1611 1738 19‚201

874 1761 1043 1817 Explebo
1062 1771 1099 1800 te
1117 1757 1314 1799 scribendo
1343 1770 1383 1804 2,
1408 1768 1444 1803 1,
1463 1769 1527 1809 30.
1555 1770 1620 1795 ex-

930 1820 1035 1874 plere
1090 1817 1257 1856 officium
1297 1813 1486 1854 scribendi
1534 1828 1618 1853 non

931 1874 1187 1920 excusatione,
1219 1872 1279 1911 sed
1315 1871 1523 1910 assiduitate
1557 1870 1618 1909 lit-

932 1946 1103 1974 terarum
1139 1934 1199 1978 16,
1222 1942 1288 1983 25,
1310 1939 1403 1981 501.
1443 1925 1620 1980 expletur

933 1993 1082 2030 animus
1127 1988 1386 2027 iucundissima
1437 1983 1617 2023 lectionis

932 2046 1130 2100 voluptate
1388 2053 1425 2094 5,
1452 2053 1513 2088 12,
1540 2053 1616 2083 121

876 2119 1095 2172 Explicare.
1152 2116 1321 2155 Primum
1361 2111 1531 2165 quidque
1557 2125 1622 2151 ex-

935 2175 1116 2230 plicemus
1169 2185 1225 2218 ·2,
1264 2184 1294 2216 1,
1327 2181 1418 2222 345.
1479 2183 1538 2207 me
1566 2172 1621 2209 ita

935 2232 1202 2272 conturbatum
1224 2229 1361 2266 vidisti.
1394 2237 1435 2265 vt
1458 2241 1536 2265 non
1558 2240 1622 2265 ex·
1646 2250 1657 2253 *—

935 2289 1139 2344 plicarem,
1171 2284 1264 2338 quid
1300 2281 1390 2322 esset
1427 2287 1620 2336 optimum

931 2347 1032 2386 faetu
1056 2357 1098 2399 7,
1126 2356 1162 2396 3,
1183 2353 1275 2394 175.
1305 2340 1512 2392 Explicare
1533 2353 1621 2380 con.

919 2403 1062 2458 filium
1083 2412 1245 2453 captum.
1336 2401 1470 2435 Metuo
1503 2410 1550 2435 ne
1576 2397 1619 2436 id

935 2459 1078 2500 consilii
1117 2458 1348 2509 ceperimus,
1395 2452 1500 2505 quod
1536 2467 1618 2493 non

934 2516 1044 2557 facile
1069 2514 1254 2568 explicare
1271 2509 1448 2563 poffimus
1475 2521 1535 2562 14,
1552 2523 1618 2559 12,

935 2586 1031 2627 445.
1062 2574 1247 2624 explicare
1278 2578 1314 2606 et
1349 2566 1526 2620 expedire
1557 2581 1620 2606 ne·

936 2634 1040 2680 gotia
1060 2629 1232 2669 alicuius,
1255 2627 1429 2663 tumim-e·
1453 2636 1489 2662 et
1511 2636 1617 2677 pote·

937 2689 1040 2733 state,
1057 2698 1136 2724 tum
1157 2684 1380 2721 audioritnte
1408 2692 1444 2721 et
1464 2681 1619 2720 confilio

942 2745 1089 2796 13,26‚
1114 2754 1208 2794 402.
1239 2738 1424 2792 explicare
1450 2741 1618 2776 rationes

942 2804 1006 2849 16,
1020 2813 1088 2852 24,
1110 2809 1203 2852 500.
1230 2795 1451 2849 explicatam
1474 2806 1538 2833 aut
1581 2807 1620 2832 x-

883 2860 971 2897 Zzz
1429 2849 1619 2905 ploratam
