1881 3173
551 151 618 192 IN
656 150 769 205 Cle.
807 148 998 190 EPIST.
1025 149 1161 189 FAM.

95 264 248 306 Certus.
279 266 418 304 Grauis
438 265 557 304 homo
586 274 623 303 et
656 273 781 303 certus
802 266 842 310 6,

158 334 225 369 12,
258 326 346 365 ¹60.
410 333 601 361 certorum
652 321 843 360 hominum

149 378 325 433 potestas.
403 380 565 426 Quoties
595 378 689 416 mihi
725 390 845 416 certo-

155 450 242 475 rum
291 436 492 474 hominum
544 437 704 488 potestas
757 436 844 481 erit,

155 493 297 545 quibus
317 494 418 531 reete
438 491 522 530 dem
537 519 547 535 ‚
577 506 655 529 non
679 502 845 544 praetcr-

155 551 303 589 mittam
327 561 363 596 1,
382 560 422 602 7,
443 561 481 601 9.
510 550 650 588 certior
669 549 844 586 candida-

100 621 102 623 ·
156 616 231 653 tus,
254 619 369 659 quam
395 617 435 645 tu
659 613 695 654 8,
710 619 746 658 3,
760 617 842 658 209

97 676 270 717 Cefl'ator
291 679 331 716 in
352 675 487 716 litteris
621 689 663 731 9,
683 688 743 728 17,
761 687 843 729 259

99 735 411 789 chirographum
442 747 482 781 2,
511 746 576 787 13,
597 747 665 788 43.
727 735 844 772 mittit

157 793 254 833 mihi
290 792 431 832 litteras
481 790 548 830 suo
590 791 843 843 chirographo

588 860 653 895 10,
676 859 742 895 21,
761 858 842 900 295

100 918 222 965 Χολῆν
255 917 401 968 ἄκρατον
433 921 548 960 ηοᾶἶιι
583 920 677 959 eieci
709 931 775 972 14,
803 930 846 971 7,

758 987 844 1028 443

640 1058 680 1100 9²
702 1059 741 1100 4³
764 1057 847 1098 240

101 1124 240 1162 Cicero
276 1122 407 1159 abiens
439 1118 670 1168 magistratu,
696 1132 780 1156 cum
811 1118 847 1156 ei

130 1187 132 1192 '
158 1176 270 1225 nihil,
289 1179 356 1216 nifi
376 1188 417 1216 vt
437 1178 593 1222 iuraret,
605 1175 764 1214 Clodius
783 1176 848 1213 tri-

156 1236 283 1276 bunus
305 1235 425 1288 plebis
463 1233 713 1286 permitteret,
746 1229 847 1270 iura-

158 1294 217 1332 vit
235 1290 508 1344 rempublicam
529 1303 598 1343 per
618 1287 655 1327 se
685 1287 756 1327 esse
780 1286 847 1326 sal-

158 1362 248 1390 vam
289 1361 326 1402 5,
357 1360 396 1396 2,
426 1358 518 1400 107.
604 1344 848 1385 Amanienses

159 1407 339 1446 omnibus
360 1404 433 1444 suis
453 1404 574 1457 copiis
597 1405 764 1450 vexauit,
787 1417 850 1442 oc·

157 1463 262 1509 cidit,
291 1464 402 1516 cepit,
431 1461 620 1515 dissipauit
640 1474 680 1509 2,
703 1471 768 1508 10,
779 1471 849 1514 40.

160 1519 372 1575 appellatus
397 1521 607 1572 imperator
626 1517 717 1559 ibid.
752 1527 788 1556 et
810 1528 849 1567 3,

161 1591 200 1633 9-
213 1590 281 1630 70.
297 1577 343 1616 ad
365 1578 589 1629 Pompeium
600 1573 850 1627 profestiusfg,

165 1646 232 1688 17,
252 1647 348 1688 235.
376 1633 477 1687 apud
508 1634 677 1672 Hirtium
706 1644 742 1671 et
774 1634 852 1671 Do-

162 1690 339 1732 labellam
363 1690 550 1729 cenitabat
604 1701 644 1741 9,
673 1693 734 1736 16,
756 1699 849 1742 257.

164 1751 243 1789 Cic.
263 1748 431 1794 auidior,
452 1760 567 1800 quam
587 1745 672 1785 satis
697 1747 854 1795 est,glo-

165 1809 246 1847 riae
266 1818 310 1860 93v
331 1817 397 1859 14,
421 1817 499 1857 251
547 1816 668 1852 augur
684 1804 767 1842 fieri
787 1816 853 1842 vo-

110 1880 113 1883 ·
166 1862 241 1904 luit
284 1863 365 1917 post
403 1862 566 1901 reditum
605 1862 653 1900 ab
695 1859 853 1906 exsulio,

169 1919 275 1975 quod
319 1929 429 1958 antea
464 1917 681 1967 neglexerat
715 1929 780 1971 15,
814 1930 856 1969 4,

169 1981 266 2032 460.
295 1979 373 2016 Cic.
385 1975 510 2016 Bibuli
523 1975 730 2021 fortunam,
743 1988 857 2027 quam

169 2034 238 2076 alii
258 2034 436 2074 afflitftam
457 2033 654 2087 putabant,
683 2033 858 2079 omnium

169 2092 373 2146 triumphis
401 2092 651 2143 vic'toriisque
675 2088 860 2128 antefere-

171 2151 238 2195 bat
263 2162 298 2196 1,
315 2161 354 2203 9,
377 2161 440 2202 17.
469 2145 637 2187 Caesaris
649 2147 783 2185 officiis
796 2145 859 2184 de-

172 2209 325 2248 vin6his
346 2205 429 2245 ibici
469 2217 538 2258 23.
571 2214 607 2243 et
637 2207 705 2247 26.
747 2206 861 2242 Cato-

173 2279 265 2305 nem
297 2264 488 2309 omnibus,
524 2276 603 2301 non
642 2259 760 2301 modo
798 2262 860 2306 iis,

102 1048 332 1098 Χρυσιππεία
361 1055 468 1096 κρίσις

175 2335 273 2376 quos
291 2319 452 2364 vidisset,
473 2318 533 2358 sed
558 2321 618 2365 iis,
652 2318 700 2357 de
721 2318 860 2371 quibus

172 2376 348 2424 audisset,
378 2375 612 2416 anteferebat
635 2378 860 2430 15‚4›460.

160 2438 257 2476 -Cic.
272 2437 310 2473 in
335 2436 518 2475 concione
539 2434 779 2487 prouinciam
799 2432 862 2470 de·

176 2492 305 2550 posuit
329 2505 365 2546 5,
388 2503 423 2538 2,
448 2503 542 2544 105.
578 2489 794 2529 conformat
826 2487 862 2528 se

179 2550 229 2591 ad
250 2550 420 2603 Pompeii
440 2546 675 2588 voluntatem
696 2558 733 2593 1,
747 2553 784 2595 8,
800 2555 864 2598 13.

182 2621 266 2647 cum
289 2605 459 2653 Caesare,
490 2616 526 2644 et
556 2618 640 2643 cum
661 2606 785 2658 Appio
814 2607 865 2645 est

181 2665 224 2705 in
246 2665 365 2712 gratia
405 2676 438 2708 1,
459 2674 498 2715 9,
521 2665 585 2705 16.
634 2675 718 2700 cum
747 2660 864 2702 fratre

184 2734 255 2777 per
276 2722 353 2759 vim
372 2718 556 2758 nefariam
587 2718 704 2759 domo
737 2719 865 2772 expul-

185 2777 246 2818 sus
280 2776 367 2817 ibid.
426 2778 578 2822 Cicero,
607 2789 692 2815 cum
737 2789 868 2828 pacem

185 2832 359 2876 suaderet
379 2834 478 2875 inter
489 2834 711 2889 Pompeium
731 2844 768 2876 et
779 2838 866 2876 Cae-

955 261 1099 309 sarem,
1130 260 1236 300 rudis
1265 259 1338 299 csse
1366 260 1570 304 videbatur
1601 267 1643 306 in

957 318 1099 360 caufl'a:
1128 318 1313 357 inciderat
1332 319 1432 356 enini
1459 321 1497 358 in
1520 321 1644 362 homi-

955 391 1048 417 num
1073 375 1265 430 pugnandi
1295 375 1520 428 cupidorum
1549 379 1645 418 insa-

956 437 1038 474 nias
1059 446 1098 487 4,
1127 444 1160 480 1,
1185 440 1249 482 80.
1303 447 1387 471 cum
1407 435 1646 487 praediceret

954 490 1048 532 belli
1078 488 1203 529 ciuilis
1238 500 1417 528 euentum
1444 492 1487 540 ,in
1518 494 1644 532 castris

950 550 1142 601 Pompeii,
1173 547 1328 585 timidus
1360 549 1645 591 existimabatur

955 608 1096 655 magis,
1141 617 1255 657 quam
1305 603 1471 654 prudens
1512 620 1554 660 4,
1581 618 1646 662 14,

960 676 1053 705 102·
1107 663 1184 700 Cic.
1213 675 1282 700 cur
1302 664 1498 701 Vatinium
1518 665 1649 704 lauda-

955 722 1020 768 rit,
1055 729 1091 758 et
1117 717 1330 757 defenderit
1362 730 1396 767 1,
1417 732 1539 775 9.23.
1585 723 1649 762 de-

957 778 1176 831 precatione
1203 778 1307 825 eg-uit
1327 777 1428 831 apud
1449 778 1649 820 Caesarem

957 848 998 887 4,
1018 845 1058 886 7,
1087 845 1154 885 93.
1199 832 1277 871 dies
1314 845 1351 873 ct
1381 836 1510 874 noctes
1549 837 1648 878 nihil

957 890 1064 930 aliud
1090 891 1255 939 agit,nifi
1278 901 1320 929 vt
1341 890 1396 929 sui
1417 894 1518 931 ciues
1541 893 1649 945 salui,

958 948 1148 1000 liberique
1178 947 1246 985 sint
1273 959 1314 999 9,
1336 961 1403 998 24,
1422 952 1520 998 263.
1575 953 1650 991 dis-

958 1007 1083 1055 iungit
1112 1004 1148 1043 se
1169 1005 1215 1043 ab
1244 1006 1500 1053 orationibus,
1530 1019 1566 1047 et
1591 1024 1652 1049 re-

959 1063 1034 1103 fert
1069 1061 1106 1100 se
1136 1061 1183 1101 ad
1220 1061 1495 1102 mansuetiores
1526 1066 1649 1106 musas

963 1131 1136 1172 1‚9‚27.
1195 1116 1301 1157 dolet
1331 1118 1367 1157 se
1397 1134 1418 1158 a
1438 1115 1649 1165 Trebonio

959 1176 1007 1215 ad
1030 1175 1114 1214 illas
1135 1173 1407 1228 pulcherrimas
1430 1178 1559 1230 epulas
1574 1169 1672 1224 ld&

959 1234 1032 1274 bus
1053 1233 1227 1278 MartiiS,
1259 1231 1297 1270 id
1319 1234 1390 1280 est,
1420 1234 1468 1272 ad
1498 1237 1652 1278 caedem

961 1289 1146 1337 Caesaris,
1164 1303 1244 1328 non
1266 1288 1339 1334 effe
1356 1292 1561 1333 inuitatum
1583 1308 1651 1343 10,

962 1354 1033 1396 23,
1050 1359 1144 1398 304.
1173 1345 1329 1386 dolebat
1347 1346 1433 1400 pilis
1447 1360 1483 1388 et
1503 1350 1653 1403 gladiis,

962 1418 1042 1444 non
1085 1402 1246 1442 confiliis
1287 1413 1324 1443 et
1359 1408 1652 1451 auctoritatibus

964 1461 1011 1501 de
1030 1463 1114 1500 iure
1133 1459 1288 1514 publico
1317 1461 1516 1517 disceptari
1545 1469 1585 1515 6,
1616 1477 1653 1517 1,

967 1529 1061 1571 140.
1108 1519 1185 1557 Cic.
1217 1519 1269 1556 est
1305 1519 1346 1557 in
1380 1524 1581 1562 maritimis
1614 1536 1655 1574 2,

968 1579 1034 1622 16,
1055 1578 1121 1626 46.
1152 1577 1289 1614 Cicero
1307 1586 1344 1615 et
1365 1580 1510 1632 Appius
1538 1580 1653 1622 colle-

964 1647 1033 1684 gae
1065 1634 1105 1672 in
1138 1642 1325 1681 auguratu
1352 1646 1393 1681 2,
1421 1647 1484 1688 13,
1503 1650 1572 1691 43.
1613 1648 1651 1690 3,

964 1702 1006 1741 4,
1019 1702 1083 1742 57.
1108 1691 1187 1729 Cic.
1207 1700 1242 1728 et
1255 1691 1353 1729 Cato
1365 1691 1650 1748 philosophiam

964 1760 1095 1787 veram
1132 1756 1169 1786 et
1201 1749 1420 1800 antiquam,
1450 1752 1490 1789 in
1517 1751 1649 1794 forum

964 1815 1080 1856 atque
1099 1804 1140 1842 in
1161 1803 1449 1858 rempublicam,
1473 1819 1587 1863 atque
1609 1813 1652 1851 in

965 1860 1085 1916 ipsam
1115 1862 1233 1900 aciem
1260 1875 1381 1915 paene
1413 1863 1654 1909 deduxerunt

973 1933 987 1961 1
1001 1931 1038 1972 5,
1057 1931 1097 1971 4,
1117 1921 1213 1969 461.
1262 1921 1398 1959 Cicero
1417 1922 1656 1976 exspee‘tabat

968 1989 1099 2016 rerum
1121 1973 1270 2014 suarum
1287 1979 1471 2026 gestarum
1486 1979 1656 2035 aliquam

969 2035 1010 2073 in
1049 2030 1185 2071 litteris
1224 2035 1397 2087 Pompeii
1433 2038 1656 2086 gratulatio-

969 2103 1058 2130 nem
1081 2102 1119 2142 5,
1136 2100 1177 2142 7,
1202 2102 1291 2132 112.
1318 2091 1492 2146 expulsus
1511 2110 1568 2143 *ex
1596 2112 1656 2137 re-

969 2145 1122 2202 publica
1149 2147 1196 2185 ab
1219 2148 1281 2195 iis,
1301 2152 1368 2201 qui
1399 2148 1505 2192 illam
1525 2153 1671 2196 cadere-

970 2202 1076 2259 poffe
1109 2201 1191 2256 ipso
1220 2205 1337 2245 stante
1366 2222 1446 2246 non
1479 2221 1658 2263 putarant

929 2279 931 2285 ¹
972 2265 1013 2308 6,
1035 2263 1075 2307 6,
1099 2267 1191 2312 148.
1230 2260 1464 2305 feneratores
1496 2281 1542 2307 ex
1563 2270 1657 2309 obfi-

973 2319 1090 2358 dione
1110 2319 1246 2358 exemit
1277 2332 1315 2373 5,
1340 2325 1380 2369 6,
1405 2334 1498 2365 112.
1537 2328 1660 2380 gratia

974 2386 1012 2415 et
1032 2376 1170 2429 opibus
1191 2377 1359 2416 Caesaris
1378 2379 1424 2417 fic
1443 2379 1598 2431 fruitur,
1615 2394 1667 2428 vt.

973 2431 1048 2473 suis
1074 2443 1110 2478 1,
1131 2442 1170 2484 9,
1190 2436 1248 2476 26
1284 2435 1659 2481 honorificentiffime

975 2503 998 2529 a
1033 2488 1192 2529 Caesare
1225 2492 1462 2534 inuitabatur
1502 2508 1568 2548 13,
1592 2509 1661 2552 15,

978 2556 1073 2600 393.
1110 2547 1250 2586 Cicero
1275 2547 1354 2596 ille,
1380 2564 1496 2603 quem
1531 2553 1663 2610 adspe-

973 2605 1143 2651 ctabant,
1174 2606 1278 2644 cuius
1297 2608 1348 2646 ob
1379 2621 1423 2647 os
1455 2611 1563 2652 Graii
1592 2626 1662 2651 era

966 2661 1230 2702 ,obuertebant
1278 2661 1341 2704 sua
1383 2677 1423 2718 9,
1460 2671 1529 2716 26,
1567 2681 1662 2723 270.

978 2719 1058 2758 Cic.
1078 2720 1120 2757 in
1142 2720 1222 2759 acie
1237 2734 1317 2760 non
1337 2720 1413 2762 fuit
1432 2734 1472 2776 9,
1487 2730 1551 2776 18,
1567 2730 1664 2769 260·

981 2776 1022 2815 in
1044 2777 1253 2816 Antonium
1273 2778 1321 2819 fic
1339 2781 1512 2820 inuectus
1535 2783 1599 2831 est,
1620 2796 1662 2823 vt

947 2891 958 2898 .
981 2830 1048 2872 ille
1068 2847 1148 2874 non
1168 2833 1285 2876 ferret
1304 2848 1365 2888 12,
1385 2848 1454 2891 25,
1473 2851 1565 2895 373.
1593 2843 1665 2881 ini-

926 2891 1026 2930 kxx
1058 2902 1083 2944 5
1606 2899 1662 2938 tio
