1881 3173
460 113 529 154 m
569 114 607 153 P.
633 102 923 156 MANan
958 114 1294 157 COMMENT.

178 223 284 266 nere'
322 224 468 266 necess‘e
509 236 602 274 erat,
638 227 706 266 nisi
744 225 861 267 effent

177 283 448 334 triumphaturi
503 293 595 336 134.
617 297 649 323 a.
706 290 797 337 189.
825 298 859 323 a.

131 360 134 363 ⁴
175 341 335 393 Imperii
382 342 544 379 Romani
586 342 768 379 terminus
811 341 859 380 ad

178 398 377 436 Orientem
397 397 603 450 Euphrates
624 399 762 436 flumen
787 396 861 437 fuit

180 464 274 506 195.
292 466 326 492 a.
383 455 443 501 iis,
476 455 542 507 qui
581 468 665 493 cum
695 456 859 508 imperio

176 518 310 555 etant.
338 509 486 560 ingredi
516 512 556 549 in
593 513 750 556 vrbem,
793 512 860 550 nili

175 564 349 620 deposito
384 569 573 621 imperio,
614 582 692 607 non
723 567 859 608 licebat

174 633 246 676 Ως.
263 635 297 663 a.
349 625 393 672 ii,
413 626 479 678 qui
500 638 584 663 cum
614 626 778 678 imperio
810 625 858 664 ad

130 703 136 710 -
175 679 310 720 vrbem
331 692 452 729 erant,
468 682 646 734 petebant
666 681 858 721 interdum

173 735 365 785 asmatu,
393 749 432 778 et
459 739 700 785 obtinebant,
723 749 764 778 vt
793 738 860 777 sal-

174 791 409 844 vissslegibus
438 794 586 845 ingredi
615 797 750 836 vrbem
778 794 861 850 pos-

143 883 145 885 .
176 848 258 891 sent
714 865 806 907 537.
833 853 858 892 b

117 917 284 974 Impero.
331 922 522 977 Imperare
553 925 622 964 fibi
653 926 737 979 quis
760 923 857 963 dica-

171 987 236 1017 tur
337 981 339 983 ’
548 995 687 1036 575.a.
723 980 817 1036 586.
834 980 857 1019 b

118 1035 338 1089 Impetrare.
377 1039 553 1078 Munitur
575 1044 622 1078 ad
655 1042 858 1092 impetran-

175 1092 266 1132 du'ui
288 1095 363 1140 via,
386 1106 537 1134 mutuae
561 1098 782 1141 voluntatis,
820 1106 856 1134 et

175 1149 466 1191 benchlelltiae
493 1155 857 1193 commemoratione

171 1205 270 1260 796.
289 1220 322 1246 a.
369 1209 684 1262 opportunitates
713 1222 857 1262 tempo-

175 1270 259 1302 rum
290 1263 349 1304 vel
387 1277 526 1318 paruae
571 1267 618 1305 ad
654 1268 857 1321 impetran-

87 1342 98 1350 ··
134 1330 138 1336 ·
176 1319 269 1360 dum
308 1321 415 1375 saepe
434 1323 624 1363 adiuuant

117 1390 282 1444 Impetu‚
304 1405 376 1444 pro
395 1394 555 1446 impetui

117 1448 365 1501 importunus
392 1454 460 1503 qui
713 1451 808 1503 659.
830 1450 854 1489 b

116 1503 400 1558 lmpressioneiu
421 1506 544 1547 facere
715 1519 807 1559 309.
829 1507 855 1546 b

118 1561 177 1600 In.
207 1561 263 1601 Ad
284 1566 463 1616 temporis
491 1576 528 1604 et
547 1576 688 1602 nomen
718 1564 851 1617 ipsum,

178 1630 216 1657 et
237 1618 541 1668 fignifiradoncm
570 1622 714 1660 vtimur
743 1623 856 1674 parti-

178 1674 262 1714 cula
293 1678 333 1715 in
359 1689 452 1730 339.
472 1692 501 1716 a.
532 1681 572 1717 in
589 1679 752 1731 aliquem
755 1678 856 1728 scri-

176 1731 276 1779 here,
299 1735 338 1770 in
363 1735 501 1773 bonam
534 1748 689 1788 quoque
709 1747 855 1787 partem

177 1791 360 1842 accipitur
390 1802 483 1843 491.
507 1791 542 1835 b,
583 1793 624 1830 in
660 1790 855 1830 confilium

177 1847 236 1886 ire
266 1847 418 1899 488.b.
462 1850 503 1887 in
546 1863 593 1887 eo
639 1847 723 1886 sunt
758 1849 854 1888 mihi

178 1907 308 1943 omnia
333 1903 422 1957 167.
443 1905 481 1944 b.
523 1907 563 1944 in
582 1907 686 1954 meis,
706 1915 742 1946 et
770 1919 856 1946 cum

176 1963 283 2008 meis,
316 1971 358 2000 vt
392 1960 570 2002 differant
611 1962 695 2016 436
723 1962 759 2002 b.
816 1964 855 2001 in

178 2029 337 2058 mentem
357 2022 487 2058 venire
509 2018 627 2059 modo
657 2034 741 2059 cum
765 2018 854 2058 dan-

177 2072 231 2122 di,
262 2074 378 2128 modo
412 2090 497 2115 cum
527 2076 734 2127 generandi
770 2074 853 2115 casu

177 2125 273 2184 '434
292 2131 328 2170 b.
357 2133 397 2170 in
413 2147 544 2173 omnes
563 2146 687 2187 partes
707 2131 852 2183 288.B.

177 2191 220 2228 in
240 2187 450 2241 praesenti,
479 2205 550 2245 pro
583 2192 655 2230 hoc
682 2200 853 2244 tempore

182 2256 276 2298 173.
308 2245 344 2285 b.
397 2247 439 2288 in
484 2247 673 2303 sumptum
711 2248 854 2287 habere

722 1323 817 1377 406.
838 1336 860 1360 a

715 1394 810 1446 699.
834 1393 857 1431 b

715 2305 808 2358 650,
829 2303 854 2342 b

123 2372 306 2414 Inaudire
719 2375 813 2428 667.
834 2388 857 2413 a

121 2431 300 2471 Incedere
327 2429 466 2471 laetitia
721 2432 813 2486 169.
831 2431 857 2471 b

122 2487 257 2527 Incilia
291 2489 383 2541 quid
724 2500 815 2543 545.
835 2503 857 2528 a

123 2543 366 2584 Incolumitas
714 2553 810 2599 287.
831 2546 857 2585 b

123 2602 411 2641 Incommodare
441 2610 479 2641 et
511 2601 754 2641 commodare
791 2617 857 2657 op-

180 2670 377 2712 ponuntur
713 2670 810 2713 797.
835 2674 856 2699 a

122 2727 334 2781 Increbefio
375 2730 524 2782 potius,
571 2744 685 2784 quam
736 2733 856 2771 incre-

177 2785 320 2835 bresco,
339 2785 547 2841 dicendum
718 2800 814 2843 479.
834 2803 855 2828 a

917 225 1114 276 Indua-ere,
1133 241 1206 282 pro
1234 228 1393 282 expensa
1421 227 1652 283 perscribere

1514 290 1537 327 2
1571 285 1608 327 6.
1628 300 1650 324 a

915 338 1122 397 Ittdmsgere
1151 340 1244 393 quid
1513 299 1607 395 935.
1624 342 1651 382 b

914 397 1101 437 Industria
1122 397 1308 438 excellunt
1327 399 1369 444 ii,
1387 399 1504 452 quiet
1526 413 1652 452 prom·

971 464 1034 507 pte
1056 469 1114 493 res
1138 456 1421 504 aggrediuntur,
1441 466 1477 494 et
1495 456 1653 505 diligen-

975 524 1032 549 ter
1058 513 1259 564 perficiunt
1512 524 1609 565 243.
1627 527 1650 552 a

915 567 1059 607 Inertia
1096 580 1137 607 vt
1166 583 1185 606 a
1225 568 1451 619 negligentia
1500 568 1650 609 differat

973 635 1066 676 579.
1088 624 1124 662 b.
1158 626 1334 666 inertiam
1361 626 1560 679 quomodo
1589 639 1653 680 pa-

972 683 1043 719 riat
1063 682 1214 730 ignauia
1507 695 1605 737 773.
1626 684 1649 722 b

914 737 1096 777 Infestum
1140 740 1293 787 habere,
1335 753 1421 794 pro,
1473 741 1650 780 infestare

1506 804 1597 847 188.
1623 798 1650 836 b

914 866 1153 906 Inflammare
1505 880 1587 921 152
1621 867 1648 907 b

914 926 1113 972 Ingenium
1134 924 1263 963 animo
1293 921 1433 976 species
1463 925 1651 979 quaedam

969 982 1032 1028 cst,
1053 994 1089 1020 ct
1109 980 1351 1034 pulchritudo
1509 991 1605 1025 211.
1627 996 1650 1022 a

914 1038 1177 1086 Ingrauescens
1197 1048 1297 1076 aetas
1514 1053 1605 1093 145.
1627 1054 1650 1078 a

913 1096 1064 1133 Inimici
1085 1097 1129 1133 ab
1152 1096 1295 1147 iniquis
1317 1094 1503 1135 differunt
1519 1109 1604 1150 749
1627 1111 1650 1136 a

913 1151 1141 1190 Inimicitias
1165 1151 1383 1205 suscipere,
1413 1163 1450 1192 ct
1469 1153 1653 1204 deponere

1511 1222 1606 1263 205.
1628 1211 1651 1249 b

912 1277 1146 1325 Innocenfia,
1169 1286 1206 1317 et
1224 1279 1362 1318 veritas
1388 1278 1461 1319 suis
1479 1279 1574 1321 freta
1594 1283 1650 1320 vi-

969 1335 1087 1381 ribus,
1116 1336 1263 1373 animos
1289 1336 1395 1374 addit
1506 1338 1600 1394 224.
1627 1352 1649 1377 a

913 1391 1054 1442 lnquit.
1088 1393 1163 1431 Nec
1177 1393 1323 1442 Cicero,
1342 1407 1409 1431 nec
1420 1395 1649 1443 Terentius,

966 1461 1034 1485 nec
1052 1451 1212 1488 omnino
1238 1451 1440 1502 quisquam
1465 1451 1652 1505 reipubli-

965 1517 1029 1542 cae
1063 1506 1311 1559 temporibuS‚
1342 1509 1467 1562 inquit
1496 1508 1652 1564 vsurpa·

965 1570 1068 1608 runt,
1079 1563 1145 1601 nisi
1156 1563 1368 1616 praeposito
1381 1562 1511 1617 aliquo
1525 1567 1647 1605 verbo

1537 1635 1593 1676 90
1620 1623 1646 1662 b

1505 1680 1601 1733 240.
1625 1694 1648 1720 a

912 1743 1121 1796 Insinuare,
1142 1745 1328 1796 absolute,
1354 1761 1441 1801 pre,
1460 1750 1655 1799 insinuare?

968 1800 1004 1840 se
1506 1820 1604 1859 299.
1622 1808 1648 1847 b

910 1856 1116 1898 Insolentia
1514 1865 1610 1918 650.
1627 1879 1649 1904 a

911 1916 1105 1965 Integrum
1125 1913 1161 1954 sc
1192 1915 1239 1955 de
1267 1915 1395 1973 aliqua
1423 1934 1467 1960 re
1495 1921 1647 1961 seruare

1569 1992 1599 2020 ι.
1623 1979 1654 2018 bv

911 2028 1149 2069 Intercedere
1167 2039 1234 2082 43.
1247 2030 1284 2070 l).
1312 1990 1650 2088 interceder?pi·o-

965 2089 1091 2141 prium
1125 2097 1203 2126 erat
1242 2087 1487 2129 tribunorum
1525 2091 1650 2144 plebis

963 2142 1055 2185 ibid.
1081 2143 1312 2184 intercedere
1340 2145 1487 2186 senatus
1504 2148 1651 2188 consul-

965 2211 1007 2241 to
1045 2201 1182 2254 quibus
1212 2200 1347 2241 licebat
1518 2205 1609 2258 568.
1629 2220 1652 2245 a

912 2270 1162 2313 Interdiflum
1188 2271 1281 2325 quid
1303 2273 1345 2312 fit
1505 2277 1603 2329 465,
1622 2277 1648 2317 b

910 2331 1091 2370 Interitus
1141 2329 1371 2383 opidorum,
1413 2333 1466 2371 est
1504 2333 1650 2374 euerlio

1500 2403 1526 2433 2
1558 2404 1596 2432 2.
1626 2406 1650 2431 a

911 2442 1171 2483 Interkalandi
1198 2444 1358 2496 potestas
1380 2458 1494 2498 penes
1522 2400 1650 2501 gonri-

969 2502 1054 2540 fices
1071 2500 1146 2540 fuit
1167 2511 1259 2554 547.
1280 2514 1312 2540 a.
1367 2503 1651 2546 interkalabant

970 2560 1167 2612 pontifices
1194 2557 1378 2598 arbitratu
1397 2559 1465 2613 sup
1499 2563 1648 2615 433.sp

912 2617 1117 2654 Intermori
1147 2612 1238 2668 quid
1261 2615 1304 2653 fit
1475 2616 1478 2619 ’
1505 2631 1602 2672 413.
1622 2619 1650 2659 b

911 1671 1099 1713 Inseruire

912 2676 1139 2726 interpretes
1183 2670 1384 2724 praeibant
1428 2675 1646 2715 consulibus

910 2786 1122 2835 Interregni
1156 2795 1301 2840 tempu·
1503 2738 1604 2840 {5²3-
1626 2747 1650 2828 ἓ

1479 2846 1653 2894 Ιηῐεττςκ
