1881 3173
826 73 1134 113 INDEX·

204 201 377 241 Interrex
401 204 466 232 cur
484 197 686 236 crearetur,
723 194 761 226 et
791 197 836 224 ex
859 181 942 236 qui-

262 255 334 295 bus
363 249 560 289 creabatur
800 247 898 293 458.
921 251 943 276 a

204 313 321 356 Intra
341 307 493 348 modum
519 301 612 356 quid
805 297 901 340 266.
922 308 944 332 a

207 369 357 412 Intueri
376 367 501 405 minus
523 361 574 400 est
599 370 715 412 quam
734 355 945 411 perspicere

816 422 834 451 1
847 407 945 451 12.b

205 476 366 526 lnuado,
388 476 527 529 quibus
548 469 687 512 casibus
708 469 947 508 construatur

807 531 902 576 899·
925 535 947 560 a

206 592 389 641 Inuehens
409 599 446 630 et
477 582 648 629 inueffus
676 583 947 632 fignificatione

262 650 364 690 idem
797 649 894 690 432.
910 635 946 675 'b

206 708 431 754 Inuidiaset
458 697 672 741 inuidentia
831 707 899 736 22.
919 692 946 731 b

204 768 407 812 Inuitum,
427 770 465 800 et
483 756 673 802 imitatio,
702 761 771 792 etc.
802 762 900 805 441.
923 762 946 787 a

205 825 356 868 Inuitus
376 818 518 858 seruari
539 814 622 868 quis
642 810 787 850 dicatur
809 820 855 861 31
870 820 899 848 1.
919 806 944 845 b

155 898 158 901 ·
206 881 388 926 Inuolare
400 888 438 916 et
457 874 591 915 volare
611 867 794 907 differunt
819 877 944 918 394.a

207 941 301 982 Inus
332 936 451 980 finita,
480 931 702 969 deriuantur
728 937 748 961 a
783 923 946 977 nomini-

263 995 336 1035 bus
371 992 412 1030 in
440 1004 495 1038 us,
533 983 778 1025 antecedente
816 977 946 1018 conso-

263 1060 378 1091 nante
803 1035 898 1077 626.
919 1035 945 1072 b

207 1105 409 1154 locandus,
430 1113 627 1157 perperam
639 1094 811 1135 scribitur
834 1104 911 1146 171.
925 1105 946 1131 a

206 1172 319 1211 Iocus
340 1161 537 1202 Ciceronis
553 1157 599 1195 de
617 1152 809 1209 pantheris
825 1162 910 1202 175.
923 1163 945 1188 a

205 1220 328 1279 Ipsud
348 1232 416 1259 cm·
446 1231 526 1256 non
546 1214 711 1252 dicamus
800 1213 896 1259 298.
918 1220 940 1245 a

206 1276 432 1325 Iracundiae
494 1269 693 1315 confeffio,
741 1263 943 1303 satisfactio

264 1333 451 1390 quaedam
481 1330 532 1368 est
805 1323 900 1373 230ss
923 1334 944 1359 a

167 1413 170 1414 ⁷
207 1400 269 1440 lte
284 1397 325 1432 in
344 1390 418 1429 alia
440 1387 568 1428 omnia
583 1388 646 1437 38.
665 1394 700 1419 a.
727 1380 784 1418 ire
797 1379 836 1415 in
858 1390 946 1415 con-

262 1449 387 1492 filium
801 1439 896 1487 488.
922 1432 946 1471 b

208 1509 340 1553 Ironiu
366 1503 439 1543 iate
471 1505 574 1553 patet
805 1491 898 1531 260.
923 1489 947 1528 b

209 1564 320 1609 Italia
341 1561 451 1600 aliter
470 1559 553 1596 iure
573 1561 742 1597 naturae,
761 1546 870 1587 aliter
891 1548 947 1585 iu-

268 1619 492 1663 risdifflone
510 1612 735 1652 terminatur
805 1615 898 1657 470.
922 1603 946 1642 b

210 1683 302 1722 Iter.
332 1678 475 1716 Itinera
496 1670 626 1719 fugere
645 1676 681 1706 et
701 1663 898 1716 sequi737
926 1674 947 1699 a

208 1737 371 1780 Iteratio
391 1730 504 1772 verbi
534 1726 647 1768 habet
679 1730 948 1762 ornamentum

210 1851 330 1895 Iubae
361 1848 460 1898 regis
481 1842 581 1885 filius
602 1838 766 1893 scriptor
791 1775 953 1873 ᾶέἑὶῖῑῑίῐῖ

265 1921 349 1949 mus
818 1889 913 1944 436
927 1902 949 1927 a

211 1966 327 2010 Iubet
367 1957 546 2016 populus,
598 1951 767 1996 decernit
803 1948 949 1987 senatus

873 2019 910 2046 2.
929 2017 950 2042 a

215 2075 429 2124 Iucundum
457 2082 495 2112 et
519 2080 680 2128 gratum
703 2075 746 2105 vt
773 2017 951 2102 <flagrant

269 2134 366 2190 276.
390 2134 428 2172 b.
455 2127 626 2175 iucundi,
646 2124 754 2170 boni,
782 2130 950 2159 amantes

214 2248 346 2292 ludex.
373 2244 521 2285 Iudices
544 2243 585 2281 in
613 2236 806 2279 confilium
827 2189 954 2273 1ni7tte-

269 2309 334 2348 bat
366 2300 558 2344 accusator
587 2309 681 2352 553,
711 2294 750 2333 b.
810 2291 952 2331 iudices

271 2366 406 2405 stantes
435 2360 503 2412 qui
812 2361 910 2402 799.
933 2360 953 2384 a

215 2421 399 2464 Iudicate.
429 2415 513 2472 Qi
532 2426 592 2454 res
611 2408 799 2452 iudicant,
819 2420 888 2458 pro
901 2407 955 2443 iu-

270 2479 370 2518 dices
401 2477 493 2528 596.
521 2485 555 2511 a.
613 2469 779 2508 iudicare
816 2465 955 2502 Romae

272 2533 426 2590 quando
458 2540 532 2570 tres
569 2526 722 2568 ordines
761 2522 955 2573 coeperint

813 2590 905 2630 525.
933 2589 954 2613 a

218 2648 408 2690 Iudicium
428 2643 558 2696 cap-itis
578 2637 682 2693 quod
701 2634 788 2674 effer
818 2647 910 2688 507.
928 2633 952 2671 b

217 2705 315 2749 Iulia
344 2703 403 2743 lex
433 2703 479 2740 de
506 2698 717 2739 rationibus
743 2693 958 2747 prouincia·

272 2776 360 2803 tum
381 2757 591 2800 referendis
823 2748 953 2802 194.>b

997 182 1116 225 Iulius
1127 184 1319 225 Romanus
1328 186 1739 241 antiquiffimuscram-

1053 243 1209 280 mancus
1585 247 1683 296 768.
1711 242 1736 281 b

999 299 1170 352 Iuppiter
1206 296 1403 350 hospitalis
1445 299 1546 342 vnde
1588 306 1680 350 808.
1703 313 1738 338 a.

1055 355 1225 407 Iuppiter
1246 356 1438 395 Minianus
1599 363 1695 409 645.
1715 369 1738 395 a

999 409 1271 453 Iurisconsulto
1319 415 1502 453 memoria
1537 413 1738 454 necessaria

1054 468 1105 507 est
1124 480 1220 521 442.
1231 480 1271 519 ,²·
1309 469 1566 512 iurisconsulti
1585 468 1739 523 respon-

1056 524 1146 564 dere
1164 524 1341 564 dicuntur
1361 538 1457 580 471.
1474 528 1510 568 b.
1551 531 1740 568 iuriscon-

1059 580 1147 622 sulti
1173 579 1384 622 scribebant
1414 584 1596 625 formulas
1628 582 1738 637 spon·

1059 639 1460 692 fionumflafflonum,
1485 655 1554 682 etc.
1583 629 1681 697 468.
1701 654 1737 685 a.

1057 694 1414 736 iurisconsultorum
1440 699 1491 738 est
1524 698 1738 754 proprium,

1059 752 1106 791 de
1123 753 1208 791 iure
1233 751 1512 795 consulentibus
1531 753 1740 810 responde-

1056 824 1098 875 re
1122 815 1214 872 138.
1230 823 1264 848 a.
1293 812 1645 854 iurisconsultorum
1655 813 1741 867 opi-

1057 880 1124 933 nio
1147 867 1302 914 solebat,
1314 868 1532 922 praesertim
1549 873 1588 909 in
1608 885 1651 910 re
1670 870 1741 909 du-

1055 921 1326 989 bim-aliorum
1356 928 1571 967 testimonio
1603 928 1739 967 confir-

1055 994 1152 1020 mari
1440 988 1536 1038 456.
1549 986 1584 1024 b.
1605 984 1742 1038 473.b-

999 1041 1103 1078 Iuro.
1135 1040 1266 1077 Iurare
1286 1037 1616 1095 calumniam556.
1629 1056 1663 1081 a.
1681 1044 1740 1080 iu-

1056 1096 1175 1135 raturi
1194 1109 1263 1149 per
1282 1099 1430 1146 Iouem,
1449 1113 1546 1152 quae
1570 1098 1740 1148 dicerent

1056 1153 1174 1192 verba
1599 1168 1698 1209 425.
1716 1168 1739 1194 a

1000 1209 1077 1248 Ius.
1113 1212 1169 1248 De
1204 1211 1289 1250 iure
1331 1209 1488 1265 publico
1534 1211 1740 1266 disceptare

1603 1281 1655 1323 37
1657 1282 1699 1323 7·
1715 1283 1739 1309 ⁸

1343 1381 1387 1419 K.

1003 1434 1173 1533 Kaeso
1218 1449 1285 1475 cur
1329 1451 1413 1475 cum
1441 1437 1475 1475 Κ4
1499 1434 1749 1478 scribendum>

1597 1492 1693 1548 655.
1715 1495 1741 1534 b

1002 1546 1192 1589 Kalendae
1213 1546 1426 1596 Quinfflles
1455 1536 1498 1587 in
1535 1550 1631 1589 vrbe
1665 1553 1746 1604 pri-·

1054 1619 1136 1645 mus
1160 1616 1240 1644 erat
1258 1604 1491 1644 locationum
1503 1606 1580 1645 dies
1592 1618 1689 1660 792.
1703 1609 1741 1648 b.

1059 1662 1243 1701 Kalendas
1269 1665 1430 1703 Martias
1458 1674 1653 1704 matronae
1681 1678 1744 1704 co-

1058 1718 1187 1760 lebant
1600 1724 1696 1765 666.
1714 1721 1740 1762 b

1007 1888 1310 1988 LabefaHare
1343 1833 1468 1929 :binus
1494 1891 1544 1930 est
1570 1888 1742 1946 aliquan-

1117 1960 1170 2015 to,
1190 1960 1305 2013 quam
1333 1945 1549 1987 conuenere
1604 1960 1698 2002 335.
1718 1961 1742 1987 a

1006 2005 1160 2045 Labem
1181 2005 1287 2044 muni
1600 2001 1697 2057 466.
1719 2019 1742 2045 a

1004 2064 1099 2102 Labi
1603 2065 1695 2105 160:
1720 2076 1743 2102 a

1007 2119 1212 2167 Laborare,
1232 2131 1318 2172 pro,
1348 2131 1432 2156 cum
1459 2116 1589 2158 labore
1618 2118 1744 2159 facere

1097 2233 1103 2239 .
1137 2232 1144 2240 .
1602 2188 1699 2230 247·
1719 2190 1743 2215 a

1008 2233 1168 2297 Lacz'nfa
1189 2241 1287 2296 quot
1314 2231 1490 2280 significet
1600 2245 1696 2286 910.
1720 2248 1743 2273 a

1006 2292 1165 2329 Laetitia
1186 2287 1360 2353 incedere
1604 2293 1696 2344 169.
1716 2291 1742 2328 b

1006 2350 1154 2413 Lagena
1186 2346 1277 2398 quid
1598 2350 1693 2399 916.
1718 2347 1745 2387 b

1007 2408 1094 2445 Lais
1107 2403 1245 2472 ¹nobiie
1259 2400 1432 2466 'scortum
1605 2407 1700 2456 672.
1719 2405 1743 2444 b

1011 2465 1217 2501 Laocuceae
1244 2468 1338 2498 duae
1601 2464 1698 2514 766.
1720 2475 1744 2501 a

1011 2521 1127 2559 Lares
1149 2530 1168 2555 a
1189 2517 1388 2569 penatibus
1412 2515 1608 2569 quomodo
1637 2516 1745 2558 diffe-

1066 2584 1150 2639 rant
1608 2585 1699 2626 123·
1721 2589 1745 2615 a

1011 2635 1143 2673 Latina
1179 2628 1306 2679 lingua
1343 2628 1458 2669 multa
1487 2630 1616 2677 habet,
1646 2645 1743 2684 quae

1066 2691 1151 2741 quis
1172 2689 1311 2727 imitari
1330 2687 1446 2732 mant,
1471 2701 1582 2740 quam
1606 2687 1743 2729 docere

1063 2757 1160 2798 470.
1190 2744 1227 2783 b.
1290 2746 1420 2784 Latini
1446 2747 1607 2785 numinis
1637 2745 1745 2795 socii,

1657 2816 1742 2856 pro,

1815 200 1827 222 λ,
