1881 3173
623 97 846 137 PAVLLI
885 91 1166 137 MANVTH
1203 96 1400 138 INDEX

307 208 508 250 scriberem
540 221 607 263 13,
645 222 712 262 50,
740 211 837 258 4¹6.
916 220 989 261 pro

306 278 443 307 mutuo
485 269 586 306 inter
618 279 687 304 nos
717 266 848 303 animo
892 276 928 316 5,
954 277 990 311 1,

311 336 403 374 104.
444 336 482 377 ς,
503 338 542 369 2,
572 335 644 375 ¹05
743 334 814 374 pro
864 320 989 359 nostra

307 381 591 420 constantiffima
620 376 817 417 voluntate
844 390 929 426 erga
954 387 990 416 te

310 450 348 491 3,
374 451 410 490 3,
434 449 497 490 55.
539 450 610 488 pro
647 433 831 473 tribunali
878 445 917 485 3,
951 441 989 482 g,

308 498 373 546 64.
405 508 476 546 pro
500 504 567 531 tuo
586 493 742 541 ingenio
765 493 853 529 haec
875 494 990 529 conli-

306 550 396 589 dera
432 553 496 594 16,
520 562 555 596 1,
581 555 676 597 481.
733 562 804 601 pro
842 548 989 587 viribus

306 609 502 659 copiarum
531 618 680 645 tuarum
794 611 833 654 8,
853 618 888 657 ς,
908 615 988 657 213

249 678 500 719 Probabimus
537 675 690 716 fortass'e
721 676 790 714 tibi
819 678 990 713 animum

306 736 473 773 nostrum
510 745 570 779 12,
593 746 611 774 1
626 748 657 781 ξ,
678 735 770 784 356.
825 732 991 784 probare

305 790 342 830 se
367 790 478 830 alicui
499 791 594 829 bene
614 792 753 828 merito
778 803 989 828 memorem

302 847 368 887 sua
401 848 441 885 in
483 861 568 886 eum
617 845 873 894 obseruantia,
906 845 993 885 dili-

300 906 452 954 gentia,
475 904 683 943 assiduitate
718 916 782 950 10,
804 917 870 950 24,
892 916 988 955 299.

301 964 452 1000 animus
487 972 574 1000 tuus
614 961 710 1000 mihi
742 961 989 1000 vehementer

302 1020 488 1072 probatur
787 1029 823 1070 ς,
846 1030 886 1065 2,
912 1020 989 1060 106

247 1093 387 1129 Procax
411 1093 452 1130 in
472 1086 681 1128 laceffendo
751 1098 792 1140 7,
817 1100 882 1137 13,
905 1095 986 1140 185

247 1146 438 1188 Procedit.
479 1144 604 1184 Altera
628 1150 701 1183 {am
726 1143 871 1198 pagella
899 1158 987 1197 pro-

303 1202 401 1242 cedit
424 1213 489 1249 11,
509 1215 577 1255 25,
609 1209 700 1254 338.
744 1201 985 1254 proccssimus

302 1260 417 1299 stadia
439 1270 589 1297 centum
613 1262 678 1304 16,
695 1268 735 1310 9,
759 1261 853 1310 486.
899 1272 985 1311 pro-

301 1316 408 1355 cedat
442 1319 482 1353 in
510 1315 588 1352 dies
626 1313 775 1362 longius
808 1313 984 1353 discendo

303 1385 370 1420 12,
397 1375 457 1419 16,
481 1375 572 1423 365.
637 1371 776 1422 quibus
808 1385 893 1409 cum
923 1385 986 1424 pa-

299 1444 384 1469 rum
417 1431 641 1481 procederet
693 1439 733 1466 vt
780 1426 856 1466 vlla
902 1426 986 1477 lege

300 1488 395 1526 mihi
426 1494 612 1539 ponerent
632 1483 898 1529 accusatorem,
919 1496 987 1525 etc.

303 1550 341 1593 3,
363 1555 427 1589 12,
449 1549 543 1590 228.
574 1552 615 1580 vt
636 1544 777 1587 omnia,
800 1552 841 1581 vt
863 1540 988 1594 spero,

260 1604 263 1605 ⁷
299 1598 481 1655 prospere
501 1598 722 1653 procedant,
752 1596 912 1637 multum
933 1600 988 1637 in-

302 1658 414 1697 terest
472 1667 509 1694 te
558 1657 691 1694 venire
741 1667 806 1701 12,
828 1667 866 1708 9,
891 1667 986 1708 352,

300 1712 511 1769 procedere
539 1711 656 1752 alicui
693 1713 849 1752 obuiam
879 1725 917 1766 3,
944 1724 988 1766 7,

929 1771 985 1812 62

242 1845 455 1883 Procurare
481 1843 635 1889 negotia
751 1851 989 1895 13733,409

245 1900 558 1940 Procurationcm
577 1900 681 1937 Afiae
700 1899 812 1937 nobis
834 1908 875 1938 vt
886 1897 989 1945 dent,

300 1958 326 1996 ss
348 1955 514 2009 petieris,
544 1954 653 2008 spero
674 1965 710 1996 te
737 1954 841 2009 posse
871 1956 990 2007 impe-

302 2025 404 2052 trare
428 2024 488 2057 12,
513 2023 567 2065 14
601 2024 696 2068 359.
753 2013 990 2066 procuratio-

303 2084 391 2109 nem
403 2082 529 2107 rerum
551 2083 733 2118 mearum,
752 2082 990 2121 maximeque

303 2126 591 2166 existimationis
637 2142 742 2167 meae
784 2125 987 2180 susceptam

261 2229 263 2231 ¹
302 2181 420 2223 velim
445 2183 584 2221 habeas
731 2195 794 2236 15,
817 2195 879 2236 13,
902 2185 985 2235 468

246 2255 405 2297 Prodeo.
433 2252 592 2295 Prodire
624 2253 736 2294 alicui
761 2255 916 2294 obuiam
949 2266 986 2307 3,

867 2322 908 2364 7,
931 2315 986 2354 62

245 2366 444 2408 Prodicum
470 2368 681 2407 memoriae
714 2378 751 2406 ct
780 2366 916 2407 litteris
952 2381 990 2421 5,

820 2428 886 2471 16,
912 2435 990 2477 127

247 2480 461 2522 Producere
485 2480 613 2533 copias
637 2481 678 2518 in
701 2481 819 2519 aciem
847 2493 898 2521 10
926 2494 990 2532 30,

304 2542 401 2589 306.
433 2537 594 2591 produci
647 2535 796 2585 longius
827 2537 990 2590 spatium

302 2594 409 2642 volo,
430 2609 509 2634 non
527 2592 731 2646 cupiditate
754 2597 987 2647 prouinciae,

302 2650 364 2691 sed
389 2662 430 2690 vt
453 2662 518 2698 12,
539 2662 603 2702 14,
628 2663 721 2703 359.
779 2651 987 2704 produ-&us

300 2709 342 2747 in
375 2710 600 2748 concionem
643 2718 705 2748 12.
738 2720 774 2760 3,
799 2720 891 2762 347.
947 2711 988 2747 in

302 2766 529 2806 concionem
549 2779 571 2804 a
595 2765 751 2804 tribuno
779 2765 898 2820 plebis
922 2779 988 2811 12,

1098 218 1142 261 7,
1166 217 1257 261 350.
1286 207 1784 265 vtssmeadoptimam'spem

1071 266 1245 317 “patriae
1270 277 1352 304 non
1380 266 1582 306 minimum
1614 268 1686 307 tibi
1716 270 1783 322 ipsi

1101 319 1389 375 producendum
1402 332 1514 377 putes
1545 336 1610 371 12,
1625 335 1643 366 1
1654 336 1690 376 3,
1700 329 1786 378 356

1046 402 1193 444 Proelia
1211 402 1370 446 alicuius
1398 407 1518 447 'caussa
1547 408 1725 449 sustinere
1745 422 1788 463 9,
1850 420 1860 464 3'

1104 473 1167 508 11,
1201 469 1299 514 248.
1357 475 1360 478 ⁴
1381 464 1620 520 proeliorum
1653 468 1789 506 incerti
1850 465 1860 495 ἢ

1102 528 1225 558 exitus
1542 534 1561 564 1
1571 535 1607 570 2,
1622 535 1686 569 10,
1701 533 1784 577 353

1047 601 1224 643 Proferre
1247 605 1288 642 in
1303 603 1472 645 medium
1573 619 1589 648 1
1599 621 1636 661 5,
1647 621 1689 656 2,
1699 618 1787 661 454
1839 618 1841 622 ’
1858 594 1863 626 ³¹

1046 672 1225 714 Profeffio
1245 674 1370 714 bonae
1390 675 1599 717 voluntatis
1617 680 1658 717 in
1682 688 1787 718 tanta
1853 670 1863 703 ³

1101 729 1356 772 sollicitudine
1390 733 1610 784 hominumi,
1645 746 1682 775 et
1709 745 1787 777 tam
1850 738 1860 764 ·'

1102 789 1328 842 perturbato
1356 791 1450 830 statu
1483 792 1671 840 ciuitatis,
1707 791 1788 832 fru-
1850 789 1852 791 V

1105 845 1324 884 &uofiffima
1344 847 1396 885 est
1420 859 1486 894 10,
1504 855 1541 898 8,
1566 860 1664 902 279.
1745 859 1788 889 tu

1101 915 1197 941 vero
1234 905 1376 943 confice
1418 904 1687 958 profeffionem
1720 909 1787 954 16,

1604 974 1674 1015 23,
1700 974 1786 1016 499

1047 1029 1246 1082 Prqficere.
1296 1033 1481 1084 Perpetua
1529 1029 1657 1072 salutis
1697 1043 1786 1072 tuae

1100 1100 1187 1126 cura
1209 1097 1355 1127 tantum
1375 1089 1538 1141 prolicit,
1557 1103 1597 1128 vt
1616 1088 1711 1129 nihil
1733 1091 1789 1137 fit,

1100 1144 1205 1197 quod
1236 1158 1314 1184 non
1340 1144 1464 1198 ipsum
1494 1145 1694 1185 Caesarem
1723 1149 1789 1186 tri·

1099 1202 1284 1241 buturum
1305 1204 1512 1241 existimem
1541 1207 1578 1249 6,
1606 1215 1668 1256 13,
1699 1207 1787 1245 161.
1849 1224 1869 1251 χ

1100 1273 1184 1296 cum
1197 1257 1476 1311 habebas‚quos
1488 1262 1694 1308 imitarcre,
1706 1274 1787 1299 non

1100 1313 1263 1354 multum
1284 1319 1509 1371 proficiebas
1541 1330 1578 1370 9.
1600 1328 1666 1369 24,
1688 1320 1787 1365 268.

1097 1371 1246 1426 profeci
1287 1386 1356 1426 per
1394 1373 1632 1413 Laterensem
1671 1375 1789 1414 inter-

1100 1431 1285 1468 nuncium
1312 1442 1378 1478 10,
1405 1443 1463 1483 ις,
1485 1437 1580 1479 288.
1611 1431 1702 1470 hacc
1725 1430 1789 1469 ad-

1100 1486 1175 1524 huc
1220 1499 1354 1538 parum
1403 1487 1647 1541 profecerunt
1686 1491 1726 1535 6,
1747 1491 1788 1536 6,

1105 1552 1199 1595 149.
1229 1542 1320 1594 quid
1340 1546 1552 1597 proficiam,
1573 1558 1617 1583 ex
1638 1554 1675 1583 te
1693 1542 1789 1584 scire

1102 1603 1217 1652 cupio
1235 1610 1276 1652 7,
1297 1610 1339 1652 7,
1365 1612 1454 1654 179.
1492 1601 1532 1640 id
1555 1599 1638 1643 feci,
1692 1600 1788 1653 quid

1099 1654 1352 1709 profecerim,
1395 1659 1511 1697 facias
1560 1672 1620 1697 me
1667 1657 1787 1698 velim

1101 1715 1303 1752 certiorem
1324 1725 1364 1766 7,
1391 1726 1453 1762 10,
1482 1721 1574 1764 182.
1625 1714 1684 1753 his
1714 1728 1787 1764 ego

1099 1769 1236 1810 litteris
1259 1771 1283 1809 fi
1305 1772 1396 1824 quid
1425 1770 1660 1826 profecissem
1675 1800 1684 1817 ‚
1711 1773 1789 1812 exi·

1101 1828 1296 1866 stimabam
1343 1829 1552 1882 optandum
1602 1827 1786 1880 quiddam

1100 1899 1163 1923 me
1189 1883 1262 1923 effe
1294 1883 1497 1926 assecutum
1532 1888 1659 1939 5,16‚
1691 1892 1785 1934 128.

1102 1943 1289 1995 proficere
1321 1941 1410 1982 ibid.
1442 1955 1534 1997 127.
1599 1945 1784 1982 Furnium
1842 1991 1845 1993 ,

1101 1999 1272 2037 nostrum
1291 1998 1340 2037 ad
1372 2013 1460 2040 eum
1489 2013 1574 2039 cum
1598 2001 1784 2039 mandatis

1101 2054 1317 2108 litterisque
1364 2058 1468 2104 mifi,
1501 2059 1527 2097 fi
1554 2056 1647 2109 quid
1684 2056 1786 2096 forte

1100 2114 1290 2167 proficere
1339 2114 1461 2168 posset
1515 2126 1576 2161 10,
1594 2126 1661 2167 24,
1690 2126 1784 2166 300.

1102 2168 1259 2208 confidis
1281 2173 1506 2211 minoritate
1539 2182 1575 2210 et
1605 2171 1786 2223 eloquen-

1099 2228 1153 2266 tia
1181 2227 1306 2265 nostra
1341 2226 1487 2280 aliquid
1517 2229 1651 2282 profici
1679 2226 1783 2281 posse

1103 2294 1168 2329 12,
1191 2295 1231 2329 2,
1257 2287 1349 2336 346.
1396 2287 1533 2339 profici
1553 2282 1707 2323 confilio
1728 2286 1788 2323 ni‹

1102 2339 1157 2379 hil
1184 2342 1304 2393 potest
1569 2344 1782 2389 6,21,168

1047 2411 1254 2463 Prqficisci.
1284 2413 1423 2450 Omnia
1442 2425 1463 2450 a
1484 2425 1545 2450 me
1575 2413 1614 2449 in
1641 2421 1678 2451 te
1697 2424 1785 2465 pro-

1104 2470 1199 2508 seGia
1222 2467 1320 2515 sunt,
1339 2482 1436 2521 quae
1464 2467 1509 2506 ad
1547 2478 1651 2508 tuum
1683 2482 1786 2507 com·

1103 2525 1261 2565 modum
1300 2527 1533 2579 pertinerent
1568 2538 1604 2578 5,
1626 2538 1663 2578 5,
1688 2535 1782 2566 110.

1103 2581 1295 2636 profire-“111⁵
1343 2584 1391 2622 ab
1429 2583 1486 2621 his
1524 2584 1643 2621 initiis
1673 2595 1783 2621 amor

1109 2651 1170 2693 13,
1193 2643 1375 2691 29‚406.
1433 2637 1606 2687 intelligo
1654 2641 1782 2677 onmia

1103 2709 1199 2748 quae
1221 2710 1240 2733 a
1262 2710 1322 2734 ne
1355 2695 1523 2750 proseeia
1555 2695 1637 2734 sunt
1664 2698 1703 2733 in
1734 2704 1783 2741 te,

1103 2754 1172 2793 tibi
1195 2753 1363 2793 accit-uste
1383 2753 1581 2804 gratiffima
1633 2765 1669 2806 3,
1688 2761 1779 2805 1,53

1654 2823 1784 2862 Profli-
