1881 3173
598 109 817 148 rAvLm
856 91 1401 161 MANV'ruiNDEx'

232 222 472 265 Liberalibus
486 221 632 262 litteras
653 222 782 273 accepi
801 229 883 258 tuas
911 230 977 265 12,

807 286 873 328 25,
898 286 980 328 372

235 337 465 377 Lilaera³iter
498 334 612 375 alicui
640 331 871 387 respondere
914 343 980 384 13,

295 403 359 444 18,
387 407 478 447 397.
510 391 764 431 liberalissimc
781 400 898 441 atque
914 388 982 425 hu-
1030 434 1033 438 Ι

294 454 501 489 muninime
524 449 564 487 id
592 449 687 488 mihi
717 446 889 499 recepisti
915 455 980 495 13,

439 563 602 602 Liberos
634 561 809 600 amittere
837 557 981 597 malum

803 628 843 669 42
866 628 904 668 5>
928 620 979 662 88

237 677 380 715 Libero
404 689 489 714 eum
511 676 619 714 omni
646 671 856 726 suspicione
879 672 984 723 cupi-

296 733 424 770 ditatis
449 744 484 779 1,
501 746 541 779 2,
561 746 600 784 4.
657 730 820 770 liberaui
852 731 981 768 ciuita-

294 802 347 828 tes
366 790 607 828 aeerbissimis
637 789 805 834 tributis,
835 797 871 825 et
898 798 981 834 gra-

293 845 446 884 viffimis
466 845 603 891 vnn-is,
618 855 653 883 et
672 843 766 883 falso
786 857 874 882 uere
892 841 981 880 alie-

290 917 342 941 no
366 915 429 955 15,
455 917 496 957 4,
517 906 613 956 456.
643 900 807 940 liberani
835 900 936 938 hunc
956 912 978 937 a

289 959 449 999 Caesare
478 972 538 1009 13,
559 973 623 1012 52.
645 971 743 1011 417.
773 957 979 996 liberarem

290 1028 327 1056 te
348 1018 414 1056 ista
445 1031 547 1063 cura,
577 1027 642 1054 aut
674 1027 774 1055 certe
808 1014 978 1053 leuarem

290 1086 330 1127 9,
357 1077 421 1121 16,
443 1084 537 1127 255.
614 1071 778 1112 liberare
816 1071 977 1110 alicuius

290 1131 401 1169 iidem
428 1143 492 1178 12,
510 1144 552 1183 7,
573 1141 666 1182 351.
717 1129 876 1168 liberata
903 1141 980 1166 res-

290 1189 443 1241 publica
494 1189 715 1226 Antoniano
758 1185 980 1231 latrocinio,

290 1245 352 1283 sed
393 1244 566 1284 nondum
603 1242 785 1297 explicata
821 1255 882 1290 12,
911 1253 981 1293 25,

233 1355 407 1394 Libertas
429 1353 593 1393 iucunda
736 1366 801 1400 10,
819 1365 882 1405 31,
899 1310 982 1407 {gg

233 1414 480 1451 Licitatorem
512 1425 709 1465 apponere
791 1421 884 1462 7,2‚
899 1422 979 1463 173

231 1470 476 1518 Ligurrirent
514 1471 755 1508 curationem
791 1468 981 1518 agrariam

721 1534 786 1570 11,
807 1536 877 1572 21,
895 1535 978 1577 335

231 1579 466 1621 Limatulum
502 1588 541 1620 et
586 1580 754 1635 politum
792 1581 979 1620 iudicium

763 1648 983 1691 7³332204

232 1696 399 1734 Liinanit
437 1693 582 1748 aliquid
627 1693 818 1746 posterior
857 1710 979 1734 annus

291 1752 336 1790 de
366 1763 430 1790 tua
458 1751 607 1805 prolixa
634 1752 880 1806 beneficaque
917 1766 981 1790 na-

201 577 203 579 ·
235 562 383 604 Liberi.

292 1819 375 1847 tura
804 1822 842 1862 3,
866 1817 901 1859 8,
922 1813 977 1862 67

234 1865 401 1918 Liquido
422 1865 609 1917 quaedam
629 1879 769 1916 negare
787 1865 890 1906 soleo
910 1879 928 1908 1
941 1878 977 1913 Ι,

288 1934 357 1975 27,
384 1934 477 1975 340.
514 1921 699 1976 liquidius
723 1923 769 1962 de
791 1934 876 1963 toto
898 1922 978 1962 sen-

288 1979 326 2017 su
349 1981 532 2020 iudicauit
731 1991 797 2026 10,
815 1980 976 2028 1‘0,282

233 2034 388 2080 Λιτὸτης
693 2049 701 2052 ·
757 2048 797 2089 7,
811 2041 878 2084 26,
895 2048 976 2090 197

233 2096 403 2134 Littera.
475 2089 633 2131 Bibulus
654 2090 700 2131 ad
724 2107 785 2132 me
808 2094 976 2133 litteram

290 2160 499 2201 numquam
519 2150 614 2187 misit
635 2163 674 2196 2,
700 2161 764 2203 17,
787 2163 849 2203 50.
880 2149 979 2190 litte-

292 2221 357 2246 rae
378 2220 397 2243 a
416 2205 579 2244 Caesare
598 2208 776 2247 Ciceroni
808 2207 979 2247 redditae

252 2310 253 2313 ¹
292 2263 379 2302 satis
401 2261 577 2302 liberales
606 2274 668 2315 14.
688 2276 758 2316 23,
777 2277 874 2318 449.
919 2262 979 2304 lit-

247 2337 251 2340 ·
291 2331 395 2360 terae
416 2319 751 2360 commendaticiae
784 2334 817 2372 ς,
835 2335 870 2376 5,
886 2333 979 2363 110.

263 2380 452 2416 —minaces
473 2387 509 2416 et
535 2379 691 2416 acerbae
725 2381 790 2425 16,
807 2386 980 2432 II,488.

292 2433 427 2488 plenae
447 2437 588 2473 amoris
608 2444 644 2473 et
665 2435 781 2473 officii
812 2448 847 2486 3,
866 2448 895 2478 1,
915 2449 979 2489 54.

296 2491 440 2530 litteras
463 2506 545 2531 mea
567 2506 682 2530 manu
703 2491 855 2546 scriptas
876 2493 923 2531 ad
943 2503 981 2531 te

298 2549 379 2586 miii
808 2560 844 2601 3.
864 2553 904 2594 6,
925 2553 982 2591 60

238 2604 425 2647 Litterae.
508 2606 692 2644 Doc'irina
739 2619 781 2646 ac
833 2605 983 2645 litterae

296 2675 414 2699 vnum
460 2661 677 2713 perfugium
725 2663 765 2708 6,
801 2674 863 2709 12,
889 2666 981 2705 161.

291 2716 438 2758 litterae
461 2719 496 2754 in
511 2721 624 2757 rebus
638 2720 801 2757 aduenis
822 2733 980 2768 magnae

296 2773 539 2823 delee‘tatioui
585 2775 658 2814 esse
696 2776 836 2815 dehent
875 2780 915 2822 6,
938 2776 979 2820 6,

1095 227 1188 269 150.
1234 211 1385 253 litterae
1416 213 1620 252 interiores
1649 223 1692 264 7,
1713 221 1778 264 33,

1093 285 1191 325 204.
1227 270 1376 310 litterae
1393 269 1612 324 perfugium
1631 269 1780 306 homini

1093 325 1268 382 spoliata
1288 323 1326 367 e't
1348 327 1561 366 domesticis
1590 336 1627 363 et
1656 324 1785 362 foren-

1095 388 1193 426 libus
1235 386 1472 437 ornamentis
1522 396 1559 435 5,
1592 393 1658 434 15,
1691 383 1786 422 126.

1094 441 1308 482 litterarum
1338 443 1391 480 est
1418 443 1534 481 'etiam
1565 453 1644 476 non
1677 438 1782 476 satie-

1094 509 1166 546 tas,
1188 497 1250 537 sed
1292 495 1446 550 quidam
1479 496 1616 536 modus
1652 507 1690 548 9,
1714 497 1784 540 26,

1094 568 1192 609 270.
1221 553 1358 594 litteris
1380 569 1441 593 me
1460 552 1636 599 inuoluo,
1661 564 1697 590 et
1721 561 1788 590 aut

1095 612 1234 659 scribo,
1259 610 1326 650 aut
1344 609 1430 660 lego
1445 624 1484 664 9,
1507 623 1576 656 20,
1603 613 1697 650 262.
1724 606 1786 646 lit-

1097 670 1189 714 teris
1211 670 1264 707 vti
1288 680 1326 720 5,
1349 679 1414 720 15,
1436 672 1518 711 126
1573 666 1674 704 haud
1699 663 1784 716 pos-

1095 725 1171 765 sem
1191 728 1340 772 viuere,
1360 725 1428 764 nifi
1447 727 1487 763 in
1516 726 1653 765 litteris
1676 736 1783 759 viue-

1093 797 1177 822 rem
1204 825 1206 828 y
1550 793 1591 834 9,
1609 782 1681 826 26,
1698 789 1783 831 270

1035 848 1246 898 Litterulae
1271 849 1490 891 vacillantes
1540 857 1606 897 16,
1621 862 1782 901 15‚492

1035 914 1182 950 Locare
1205 911 1319 949 castra
1569 919 1684 960 15‚2‚
1696 919 1781 959 452

1036 969 1169 1008 Locus.
1199 970 1242 1005 Et
1263 981 1307 1005 ex
1319 965 1529 1019 superiore,
1552 966 1589 1003 et
1599 979 1643 1002 ex
1658 976 1783 1015 aequo

1088 1024 1177 1063 loco
1193 1037 1230 1077 3,
1254 1031 1291 1071 8,
1314 1027 1378 1076 64.
1413 1023 1519 1062 locus
1541 1022 1694 1061 videtur
1710 1018 1782 1057 effe

1090 1092 1214 1121 tecum
1259 1080 1522 1132 expostulandi
1564 1092 1605 1125 2,
1636 1090 1692 1131 7,
1712 1089 1782 1130 49.

1091 1137 1167 1177 loci
1222 1137 1401 1176 nonnihil

1093 1197 1237 1247 iniquis
1257 1193 1360 1233 secus
1387 1193 1624 1233 existimandi
1646 1193 1691 1230 de
1715 1202 1783 1229 tuo

1095 1254 1134 1291 in
1156 1266 1216 1291 me
1236 1255 1368 1290 animo
1608 1261 1643 1301 3,
1666 1252 1704 1295 6,
1728 1251 1778 1289 61

1036 1326 1270 1362 Lomentum
1295 1333 1360 1360 aut
1390 1321 1533 1360 nitrum
1566 1328 1602 1368 8,
1621 1333 1680 1371 14,
1698 1330 1794 1370 231⁷

1039 1381 1327 1435 Longinquitas.
1415 1379 1457 1415 In
1491 1378 1547 1415 his
1576 1377 1654 1416 sum
1676 1375 1783 1422 locis,

1095 1450 1174 1488 quo
1195 1445 1232 1474 et
1259 1445 1419 1488 propter
1445 1435 1783 1487 longinquitatem,

1095 1504 1132 1531 et
1154 1503 1313 1545 propter
1344 1491 1542 1529 latrocinia
1577 1491 1782 1530 tardissime

1094 1552 1224 1588 omnia
1271 1548 1517 1601 perferuntur
1573 1561 1611 1588 2,
1643 1560 1682 1599 9,
1717 1553 1783 1598 38.

1094 1605 1354 1658 longinquitas
1403 1607 1587 1656 temporis
1628 1618 1783 1642 omnem

1094 1663 1271 1702 dolorem
1302 1663 1441 1700 minuit
1469 1675 1511 1699 ac
1535 1661 1662 1700 mollit
1683 1674 1724 1714 4,
1744 1673 1784 1713 5,

1096 1727 1159 1772 gc).
1218 1718 1478 1773 longinquitas
1507 1721 1690 1772 temporis
1721 1732 1783 1757 me

1089 1778 1282 1827 mitigauit
1575 1779 1616 1823 6,
1636 1787 1678 1828 4,
1703 1786 1781 1828 145

1035 1849 1295 1904 Longinqum.
1349 1847 1574 1900 Longinqui
1613 1856 1650 1886 et
1690 1860 1711 1885 a
1743 1857 1782 1886 te

1093 1904 1175 1959 ipso
1196 1906 1289 1945 miffi
1310 1906 1351 1943 in
1372 1903 1523 1943 vltimas
1551 1916 1679 1954 gentes
1713 1915 1783 1955 15,
1860 1923 1862 1927 >

1638 1973 1679 2014 9³
1699 1964 1783 2025 4515
1831 1987 1862 1999 Α

1035 2019 1199 2075 Longus.
1259 2021 1380 2068 Longi
1403 2018 1569 2058 subsellii
1596 2019 1782 2057 iudicatio
1857 2030 1862 2040 “

1090 2087 1127 2115 et
1145 2089 1253 2115 mora
1276 2089 1313 2129 3,
1334 2089 1374 2130 9,
1396 2081 1462 2129 69.
1491 2076 1644 2126 longius
1666 2076 1782 2114 fiebat

1093 2146 1132 2185 7,
1157 2144 1194 2185 3,
1211 2144 1302 2191 175.
1330 2134 1546 2183 longiorem
1562 2128 1784 2172 orationem

1096 2201 1159 2228 tua
1178 2192 1393 2231 humanitas
1413 2205 1495 2230 non
1524 2190 1710 2244 exspeeiat
1744 2201 1780 2242 3,

1665 2259 1705 2293 2³
1729 2254 1781 2298 55

1036 2319 1164 2370 Loqui
1192 2316 1331 2367 seeum,
1359 2317 1605 2360 adhibere'se
1626 2319 1667 2356 in
1693 2331 1783 2356 con-

1091 2375 1226 2422 silium,
1248 2378 1312 2415 Lbi
1335 2380 1602 2432 obtemperare
1621 2388 1661 2422 2,
1671 2387 1710 2427 7³
1726 2376 1782 2424 36

1037 2435 1211 2473 Lubente
1231 2445 1266 2472 te
1536 2443 1602 2485 13,
1617 2439 1778 2485 582421

1038 2492 1247 2535 Lucanicae
1565 2503 1605 2542 9,
1621 2492 1778 2540 162258

1036 2545 1206 2586 Lucilius
1522 2560 1586 2593 12,
1614 2549 1675 2593 16,
1700 2547 1781 2597 365

1038 2606 1079 2643 L.
1103 2604 1240 2643 Caesar
1261 2607 1404 2658 optime
1425 2604 1556 2651 sentit,
1587 2603 1647 2642 sed
1673 2602 1778 2655 quod
1843 2639 1860 2649 ἶ,

1091 2662 1302 2700 auunculus
1321 2664 1384 2705 est,
1405 2677 1481 2700 non
1501 2663 1702 2700 acerrimas
1724 2658 1780 2696 di-

1091 2722 1137 2757 cii
1162 2720 1359 2759 sententias
1389 2731 1453 2766 10,
1478 2726 1547 2768 28,
1570 2731 1659 2770 305.
1703 2722 1779 2754 'va-

1093 2774 1262 2815 letudine
1287 2778 1494 2828 impeditur
1548 2787 1612 2822 12,
1632 2788 1671 2820 2,
1695 2775 1777 2824 ‘346

1594 2834 1633 2870 L.
1664 2833 1777 2869 Cotta

1449 1138 1590 1175 ‹ledisse
1638 1134 1783 1174 videris
1845 1184 1847 1190 A
