1881 3173
216 101 303 153 640

274 210 399 265 Afas]
482 213 527 251 Et
547 210 722 265 -publica,
752 221 789 251 et
810 212 962 265 priuata

221 279 330 309 erant
350 270 456 308 aeta:
487 267 649 321 publica,
678 278 718 309 vt
746 266 881 314 edieta,
910 265 962 305 se-

213 328 334 365 'natus
351 322 645 376 consulta,1eges
659 340 668 364 t
680 327 844 379 priuata,
855 322 964 376 quid-

222 381 317 436 quid
357 384 541 436 priuatim
583 392 771 431 ageretur.
808 380 902 420 Phil.
927 392 966 421 2.

224 450 336 492 c.42.
423 440 470 478 In
489 437 652 491 publicis
680 436 775 479 uelis
798 437 900 478 nihil
920 433 970 485 est

225 495 309 548 lege
324 498 516 552 grauius:
542 497 584 535 in
614 496 784 547 priuatis
803 489 972 547 firmiffi-

227 565 328 592 mum
339 554 387 606 ‹5st
404 552 681 605 testamentum.
700 549 765 589 lib.
782 561 846 591 10.
866 548 972 601 epist.

228 613 299 656 28.
327 601 457 665 Qtoll,
476 606 557 660 nisi
579 622 640 646 res
667 606 839 647 vrbanas
867 604 972 646 ac‘l‘a-

231 677 300 719 que
319 666 445 704 omnia
475 663 530 703 ad
556 661 595 703 te
610 663 782 715 perferri
802 661 973 702 arbitra-

232 734 313 767 rer,
333 722 405 772 2·th
419 718 702 772 perscriberem.
782 721 828 759 Et
845 717 911 758 lib.
934 730 972 758 2.

234 778 336 829 epist.
364 789 426 828 15.
457 779 499 814 ln
525 774 622 816 aft‘is
651 789 723 816 non
751 787 852 815 erat.
900 776 974 813 Hie

235 843 365 871 autem
387 834 536 886 priuata
557 833 809 881 significantur
829 833 923 871 aesta.

293 900 480 943 Oenomao
510 902 600 955 tuo]
649 904 745 942 Attii
773 901 980 951 tragoedia,

240 962 346 999 cuius
366 960 585 1000 testimonio
610 969 771 999 vtuntur
792 960 920 998 Festus
941 969 979 998 et

238 1018 408 1058 Nonius.

300 1073 420 1112 Nihil
437 1074 541 1123 υἱον]
569 1071 706 1112 Versus
727 1087 772 1112 ex
783 1074 983 1112 Oenomao

239 1129 450 1180 tragoedia,
472 1143 493 1167 a
514 1132 666 1182 Papirio
678 1131 840 1178 recitati,
862 1132 985 1170 vitan-

244 1188 332 1226 dam
352 1186 551 1234 inuidiam,
570 1187 841 1227 admonebant.

301 1257 461 1312 Posussi
474 1256 570 1310 loco]
601 1260 831 1312 Opportune
851 1272 986 1298 eorum

244 1312 460 1367 exemplum
494 1314 661 1355 attulisti.
716 1317 821 1364 Loco,
852 1326 916 1354 aut
948 1318 988 1354 in

247 1373 329 1414 loco
349 1371 474 1410 dicere
497 1371 643 1425 aliquid
670 1383 734 1413 aut
759 1372 896 1420 facere,
931 1370 988 1411 su·

249 1431 367 1469 mitur
396 1443 488 1481 pro,
528 1431 595 1469 vbi
622 1440 770 1483 tempus
804 1428 990 1484 postulat,

250 1499 331 1525 non
350 1484 476 1524 alieno
497 1496 684 1539 tempore,
714 1502 798 1525 cum
822 1496 989 1540 oportet.

249 1542 319 1582 lib.
341 1556 400 1584 ιι.
435 1544 527 1595 epist
557 1547 621 1585 16.
662 1544 851 1600 Epfstolae
876 1541 990 1598 ‹gffen-

251 1598 365 1646 dunt,
383 1613 457 1638 non
475 1601 553 1639 loco
572 1598 760 1640 redditae.
790 1602 873 1640 Lib.
886 1612 923 1651 3.
945 1598 991 1637 de

253 1658 344 1705 Leg.
374 1670 404 1694 c.
427 1661 490 1705 18.
548 1657 727 1697 Senatori
771 1655 863 1725 izgffiz
913 1658 994 1697 tria

246 1714 369 1766 sunt:
406 1723 450 1752 vt
482 1711 598 1763 adfit:
644 1728 736 1753 nam
752 1717 996 1770 grauitatem

255 1783 316 1809 res
333 1769 459 1815 habet,
489 1784 574 1809 cum
595 1769 779 1826 frequens
812 1770 902 1810 ordo
925 1770 1000 1826 esst:

257 1837 305 1867 vt
325 1827 404 1867 loco
423 1826 554 1873 dicat,
581 1826 626 1866 id
650 1828 713 1882 est,
745 1839 926 1884 rogatus:
954 1837 998 1867 vt

259 1883 382 1932 modo,
403 1898 447 1922 ne
452 1883 516 1935 fi't
541 1883 727 1936 infinitus.
785 1887 829 1923 Et
858 1887 898 1923 in
916 1887 1001 1923 Par-

260 1943 318 1981 tit,
350 1955 380 1979 c.
405 1953 440 1993 3.
493 1941 589 1979 Loco
633 1943 784 1996 quidem
836 1943 1001 1994 quaeris.

257 2000 364 2036 Loco
385 1999 502 2046 igitur
526 1999 683 2045 Paetus,
711 2012 797 2036 cum
819 1998 866 2037 de
882 2000 1003 2037 vitan-

262 2054 311 2093 da
328 2065 456 2103 ageret
482 2055 645 2104 inuidia,
672 2054 802 2095 versus
825 2057 1001 2095 Attianos

263 2110 427 2167 posuit.¹

321 2183 399 2222 Fac
420 2175 482 2236 eff}
499 2181 650 2237 omnia]
710 2185 808 2232 Esto,
837 2193 879 2223 vt
906 2182 1006 2221 inui-

266 2239 400 2279 deatur
426 2241 532 2288 mihi,
550 2239 637 2280 ficet
665 2240 865 2280 inuidendi
885 2237 1006 2279 cauffa

266 2296 372 2336 nulla
390 2297 442 2335 sit.
656 2326 659 2331 ,
748 2313 751 2314 ’

325 2355 393 2404 lis]
424 2355 513 2391 Non
537 2354 728 2400 omnibus,
754 2350 900 2404 StoiciS,
919 2358 1012 2394 Aca-

270 2409 437 2458 demicis,
468 2411 733 2462 Peripateticis,

332 2483 370 2521 V
368 2483 420 2523 im
440 2483 601 2520 virtutis
620 2485 766 2533 tenere]
824 2479 1012 2530 Intellige-

272 2552 328 2586 re,
352 2539 392 2576 in
413 2552 490 2590 quo
511 2540 571 2576 {ita
595 2540 637 2577 fit
669 2540 803 2578 virtus.

334 2594 452 2633 Nilvl
467 2592 527 2645 effi·
535 2596 723 2648 firpjelztis
745 2594 949 2647 praestare,
963 2596 1016 2633 ni-

264 2651 317 2704 st
331 2651 505 2704 culpam]
592 2654 676 2689 Hoc
704 2666 821 2690 vnum
840 2651 1015 2704 sapientis

279 2708 361 2754 esse,
397 2706 544 2760 eulpam
570 2709 714 2746 vitare:
751 2710 856 2762 quod
878 2709 1016 2761 potest:

279 2775 401 2804 cetera
439 2778 526 2804 eum
550 2767 736 2819 praestare
779 2779 859 2806 non
892 2762 1020 2819 poffe:

428 96 661 138 PAVLLI
688 97 983 140 MANVTII
1010 94 1523 137 COMMENTARIVS

1017 218 1116 262 quae
1133 210 1160 248 si
1188 211 1382 257 eueniant,
1411 207 1642 304 reprehendi
1668 221 1755 248 eum

1018 280 1098 306 non
1119 265 1267 305 debere.
1298 267 1386 306 vide
1407 267 1446 304 in
1467 280 1519 305 ra.

1076 324 1139 362 Ad
1151 321 1210 374 ea]
1243 326 1352 372 Qxae
1383 322 1580 363 refflsfima
1600 319 1718 360 fuere.

1083 392 1174 432 Cum
1195 392 1494 448 valentioribus]
1550 395 1649 432 Cum
1669 395 1762 432 Cac-

1026 447 1118 487 sare.
1140 447 1207 487 lib.
1218 462 1257 502 4.
1280 451 1383 502 epist.
1402 462 1443 503 7.
1473 450 1539 490 lib.
1552 453 1589 492 6.
1611 451 1712 503 epist.
1727 460 1765 491 Ι.

1028 517 1067 545 et
1088 509 1124 546 6.
1141 503 1208 544 lib.
1219 516 1260 558 7.
1288 507 1392 559 epist.
1408 519 1442 548 1.

1087 574 1136 616 ld
1157 589 1301 631 quoque
1329 587 1422 628 puto
1455 575 1521 632 effi
1537 576 1769 634 stepietztis]

1030 634 1132 681 Qiia
1153 632 1265 685 supra
1297 632 1464 680 dixerat,
1492 634 1592 674 nthl
1623 633 1686 688 effi·
1701 636 1770 686 fiz-

1024 691 1166 743 pientis
1182 688 1393 744 praestare,
1419 689 1492 742 rufi
1507 683 1659 742 culpain
1672 707 1685 729 .·
1721 706 1770 730 ne

1030 745 1207 786 videatur
1223 747 1264 784 in
1282 759 1359 784 vna
1385 754 1531 796 tantum
1560 760 1602 785 re
1630 746 1774 802 sapien-

1034 805 1082 843 tis
1106 802 1273 842 officium
1295 800 1470 855 posuiffe,
1491 801 1697 851 subiunxit,
1731 805 1778 845 id

1033 874 1177 916 quoque
1191 870 1282 911 puto
1292 856 1356 913 eff?
1372 858 1568 912 sapientis.
1596 859 1659 899 sed
1676 859 1774 900 illud

1032 931 1053 956 e
1073 915 1256 955 sententia
1276 916 1491 954 Stoicorum
1515 915 1620 966 dixit,
1642 919 1710 970 qui
1729 916 1775 956 de

1036 972 1194 1012 vitanda
1226 971 1335 1025 culpa
1360 982 1507 1012 tantum
1536 971 1776 1023 laborabant,

1038 1041 1162 1069 cetera
1198 1029 1492 1068 contemnebant
1525 1033 1675 1071 omnia:
1705 1032 1780 1070 hoc

1042 1101 1087 1126 ex
1116 1088 1302 1140 opinione
1329 1084 1415 1132 sua,
1445 1089 1510 1138 qui
1537 1101 1616 1126 non
1658 1088 1777 1127 modo

1042 1143 1191 1197 culpam
1214 1144 1349 1190 vitare,
1379 1141 1441 1180 sed
1465 1145 1565 1182 tueri
1595 1147 1708 1184 ctiam
1729 1144 1780 1184 sa-

1041 1200 1159 1240 lutem
1179 1198 1273 1240 vult.
1291 1201 1420 1252 itaque
1439 1198 1562 1253 supra,
1581 1203 1782 1257 quidquid,

1043 1260 1109 1306 ait,
1121 1256 1312 1297 elaborari
1333 1267 1403 1295 aut
1413 1256 1509 1309 ffel
1518 1260 1700 1310 potuerit,
1711 1269 1782 1299 etc.

1102 1327 1304 1384 Praestare
1322 1340 1392 1366 non
1407 1325 1572 1383 POJfi‘m]
1607 1327 1783 1368 Aliorum

1046 1386 1284 1427 voluntatem
1309 1393 1346 1423 et
1364 1383 1476 1423 fidem
1497 1386 1684 1437 praestare
1705 1399 1786 1425 non

1047 1441 1216 1498 poffum:
1257 1439 1407 1494 culpam
1437 1441 1592 1494 quidem
1628 1445 1787 1496 praesta-

1048 1504 1123 1541 bo:
1153 1497 1256 1552 quod
1268 1512 1386 1536 vnum
1397 1497 1572 1551 sapientis
1594 1499 1789 1548 ess'e‚Stoi-

1051 1561 1102 1597 cis
1124 1555 1284 1610 placuit:
1311 1556 1422 1592 etiam
1437 1553 1546 1603 illud,
1568 1556 1672 1608 quod
1684 1571 1790 1610 prae-

1049 1625 1153 1654 terea
1171 1612 1347 1666 sapientis
1360 1609 1431 1650 effe
1451 1613 1546 1650 mihi
1567 1612 1730 1660 videtur,
1743 1627 1792 1653 ne

1052 1670 1145 1725 quid
1166 1668 1286 1715 stulte,
1320 1683 1368 1707 ne
1389 1669 1482 1721 quid
1506 1679 1648 1710 temere
1669 1671 1791 1711 dicam

1052 1730 1237 1769 faciamue
1268 1735 1398 1765 contra
1417 1735 1604 1779 potentes.

1107 1800 1160 1839 Et
1202 1798 1315 1837 illam
1363 1798 1471 1837 Accii
1488 1796 1795 1850 stmilitudinem
1842 1797 1846 1799 ’

1057 1871 1130 1896 non
1155 1853 1262 1894 modo
1282 1856 1359 1893 iam
1371 1853 1425 1893 ad
1443 1853 1647 1901 inuidiam,
1655 1853 1733 1905 sed
1743 1852 1799 1895 ad

1050 1913 1255 1966 fortunam
1277 1909 1542 1964 transferam]
1572 1912 1798 1950 Similitudi-

1058 1982 1142 2009 nem
1180 1965 1345 2020 appellat
1374 1966 1502 2006 versus
1532 1969 1728 2013 Attianos,
1753 1969 1798 2006 in

1060 2025 1200 2078 quibus
1220 2026 1345 2074 imago
1361 2024 1547 2076 quaedam
1574 2025 1799 2064 cernebatur

1061 2083 1149 2123 suae
1169 2081 1358 2121 seruitutis
1371 2090 1436 2129 zet,
1457 2083 1637 2134 quoniam
1659 2083 1704 2119 iis
1718 2095 1800 2120 ver-

1061 2141 1159 2179 fibus
1211 2139 1538 2192 praecipiebatur,
1604 2137 1801 2177 vitandam

1060 2196 1132 2237 effe
1163 2195 1370 2243 inuidiam,
1401 2193 1619 2248 praesertim
1646 2197 1705 2242 iis,
1726 2196 1804 2248 >qui

1061 2253 1164 2294 laedi
1183 2251 1291 2291 facile
1310 2250 1476 2305 poffent3
1503 2266 1581 2305 quo
1612 2253 1652 2290 in
1673 2266 1803 2291 nume-

1066 2326 1125 2359 ro,
1143 2312 1226 2363 post
1244 2308 1411 2348 Caesaris
1429 2311 1645 2356 vietoriam,
1665 2311 1802 2347 Cicero

1067 2369 1163 2411 fuit3
1191 2377 1391 2421 propterea
1411 2381 1491 2404 non
1521 2368 1587 2405 fibi
1616 2365 1804 2405 inuidiam

1071 2426 1212 2479 potius,
1231 2437 1345 2476 quam
1365 2422 1571 2468 fortunam,
1595 2422 1805 2462 timendam

1068 2483 1266 2531 fignificat:
1294 2494 1406 2532 quam
1434 2491 1557 2519 tamen
1585 2479 1702 2532 ipsam
1727 2478 1806 2518 for-

1068 2542 1158 2580 titer
1179 2536 1347 2576 sustineri
1366 2549 1560 2589 oportere,
1583 2549 1619 2576 et
1638 2540 1689 2576 ira
1707 2536 1809 2575 frau-

1072 2598 1110 2647 gi
1130 2595 1177 2633 ab
1197 2595 1324 2632 animo
1350 2596 1460 2631 firmo
1483 2606 1519 2632 et
1537 2595 1657 2643 graui,
1681 2605 1721 2632 vt
1740 2594 1808 2631 fiu-

1074 2655 1155 2693 &us
1178 2650 1366 2699 frangitur
1386 2664 1406 2688 a
1428 2649 1525 2690 saxo.
1555 2653 1596 2688 in
1617 2664 1695 2702 quo
1723 2651 1809 2687 imi-

1075 2711 1199 2756 tabor,
1219 2709 1358 2759 inquit,
1379 2721 1458 2755 eos,
1476 2709 1542 2760 qui
1562 2705 1622 2746 vel
1639 2707 1809 2752 Athenis,

1075 2764 1140 2807 vel
1158 2765 1350 2812 Syracusis,
1366 2765 1428 2805 “ita
1454 2762 1690 2810 tyrannidem
1715 2761 1811 2801 tule-

1709 2828 1814 2866 runt,
