1881 3173
193 107 301 157 36'2s

192 217 326 269 finguli
345 217 472 270 iegati,
493 220 684 260 interdum
704 231 830 261 tamen
842 222 940 270 bini,

186 279 302 329 (uam
335 279 470 316 Cicero
499 277 704 331 proconsul
735 279 829 317 duas
860 290 942 318 tan-

188 344 275 374 tum
295 334 476 384 legiones,
498 345 683 387 quattuor
707 333 851 383 legatos
874 336 941 375 ha-

190 390 296 442 buit)
324 393 470 430 tribuni
491 390 657 429 miiitum
689 390 781 437 seni,
810 402 938 431 centu-

189 450 320 489 tiones
343 450 488 487 triceni.
527 449 661 486 ειιὲὶοι·
693 446 883 491 Poiybius.

245 519 308 559 M.
329 520 489 566 Anneio]
576 519 661 556 Lib.
675 529 732 570 13.
753 521 856 571 epist.
873 530 937 572 57.

191 575 267 615 boc
281 589 422 613 nomen
438 575 545 613 varie
555 573 694 624 legitur
705 576 747 614 in
767 578 936 629 antiquis

186 632 310 673 libris.

247 697 528 754 Euocatormn]
585 702 781 744 Praefffio
817 708 936 746 Anto·

190 761 270 798 nio.
297 757 362 796 lib.
383 769 416 809 3.
437 759 541 810 epist.
554 760 592 800 6.

249 830 439 869 Exercitu
457 829 641 884 instrato]
673 834 770 872 Cum
793 835 937 873 exerci-

190 899 273 928 tum
310 884 422 923 duces
462 886 623 927 educere
649 891 690 928 in
727 891 937 944 expeditio-

190 959 278 984 nem
301 941 466 990 vellent,
506 946 634 996 prius,
682 961 796 999 quam
819 950 934 988 castra
986 963 989 966 ’

188 1011 406 1047 mouerent,
427 1003 632 1041 exercitum
653 1002 872 1056 lustrabant,
894 1005 936 1044 id

189 1061 255 1106 est,
274 1056 607 1106 resognoscebant.

251 1129 342 1168 Kal.
366 1128 483 1181 Sept]
537 1131 611 1169 111.
639 1131 730 1170 Kal.
755 1131 853 1185 Sept.
881 1132 934 1174 le-

191 1185 358 1237 gendum
378 1184 463 1231 effe,
486 1186 562 1224 iam
585 1187 827 1229 ostendimus.

249 1245 381 1292 Syria]
412 1241 538 1282 Bibuli
558 1247 769 1297 prouincia.

245 1300 343 1341 Alea
361 1300 583 1355 prouincia]
616 1305 659 1341 Et
678 1304 843 1342 Asiaticis
866 1306 933 1343 tri-

187 1358 261 1399 bus
283 1355 526 1396 dioecesibus,
556 1357 623 1397 lib.
645 1371 703 1411 ¹3·
720 1361 823 1412 epist.
838 1364 905 1413 67.

248 1414 339 1453 Duo
356 1411 505 1464 aditus]
543 1420 713 1470 Vterque
733 1430 802 1470 per
821 1421 933 1456 Ama-

188 1485 281 1511 num
310 1480 493 1509 montem.

248 1530 281 1568 A
306 1525 454 1578 Tauro]
483 1528 539 1564 De
559 1526 633 1566 hoc
645 1537 776 1568 monte
790 1528 934 1569 Plinius

187 1583 257 1626 lib.
272 1594 307 1638 5.
335 1597 365 1622 c.
378 1595 443 1636 27.

247 1641 412 1694 Opidum
436 1636 624 1694 Cybg'stra]
655 1640 933 1695 Cappadociae.

173 1698 257 1740 jib.
271 1711 308 1752 5.
328 1696 375 1735 ad
392 1699 502 1736 Attic.
523 1696 627 1750 epist.
639 1709 705 1739 20.

248 1756 463 1806 Praesentis·
473 1763 497 1792 E
506 1763 532 1791 R
540 1764 586 1792 N.
608 1755 846 1808 Praesentia,
856 1770 934 1796 ma·

185 1813 392 1868 gnitudine
403 1823 437 1851 et
457 1811 593 1859 animi,
604 1821 642 1852 et
651 1812 818 1867 consilii]
845 1816 933 1863 Pro,

188 1870 313 1910 animi
327 1867 563 1920 praesentia,
573 1870 840 1924 magnitudine
850 1885 932 1912 con-

171 1925 289 1981 st'lii:
318 1924 505 1979 praesenti
522 1927 665 1974 animo,
684 1941 822 1977 magno
844 1942 932 1967 con·

187 1981 281 2024 filio.
303 1985 348 2021 In
361 1991 446 2022 orat
467 1996 539 2036 pro
550 1981 734 2023 Milonec.
746 1998 813 2037 2¹3.
821 1998 931 2038 prae·

177 2039 349 2093 sentiam
368 2041 503 2087 animi,
522 2038 617 2079 dixit
628 2042 777 2089 Cicero,
790 2053 826 2081 et
837 2045 930 2082 Cae-

185 2096 246 2137 sar
275 2095 340 2135 lib.
362 2109 399 2149 5.
425 2095 472 2135 de
490 2094 579 2136 bell.
599 2096 695 2137 Gall.
720 2111 827 2152 c.43.
867 2101 928 2138 In-

182 2152 337 2195 tex-dum
352 2156 403 2193 ita
422 2152 712 2194 commiscentur
733 2154 928 2196 confilium

185 2221 224 2251 et
244 2212 406 2259 animus,
426 2221 467 2249 vt
490 2212 537 2250 ab
568 2214 697 2250 animo
729 2212 926 2253 confilium

183 2267 370 2323 pendeat:
426 2270 516 2320 quia
562 2278 684 2307 metus
731 2269 926 2311 confilium

186 2324 358 2378 impedit.
404 2326 541 2368 Cicero
578 2323 644 2364 lib.
669 2337 704 2366 Ι.
740 2325 788 2365 de
816 2327 926 2367 Offic.

186 2397 216 2420 t.
232 2393 300 2432 23.
355 2380 576 2437 Praesentis
603 2385 726 2422 animi
752 2386 813 2424 vti
846 2400 930 2426 con·

201 2440 279 2478 dio.

168 2438 222 2493 s
243 2496 337 2535 Cum
357 2494 529 2536 omnihus
538 2495 627 2548 suis·
651 2497 797 2549 copiis]
852 2499 927 2538 Co-

182 2551 358 2591 hortibus
406 2554 561 2602 triginta
608 2553 923 2605 quadrigenariis,

182 2610 355 2661 equitum
375 2608 526 2648 duobus
542 2608 723 2649 millibus.
746 2610 811 2651 lib.
828 2624 862 2665 5.
873 2612 921 2650 ad

181 2667 292 2706 Attic.
313 2667 417 2719 epist.
433 2673 497 2715 18.
530 2677 567 2706 et
591 2665 656 2706 lib.
672 2670 710 2709 6.
731 2669 834 2721 epist.
862 2682 894 2710 ι.

241 2722 334 2761 Cum
361 2721 594 2766 scu-Horitate
610 2725 814 2781 regnaret]
836 2728 922 2766 Hoc

181 2777 404 2834 explanatur
422 2779 534 2823 infra.
902 2802 905 2803 ⁷

422 108 649 148 PAVLL'I
674 105 970 151 MANVTII
997 105 1515 150 COMMENTARIVS

1053 219 1307 271 Athenaidis]
1361 219 1469 260 Malo
1493 232 1635 261 nomen
1665 213 1739 262 effe

994 276 1179 325 mulieris,
1202 292 1316 331 quam
1348 280 1535 317 ciuitatis:
1566 288 1608 318 vt
1637 280 1738 328 regis

977 349 1094 375 ·vxor
1116 345 1285 373 materne
1315 332 1444 375 fuerit.
1472 348 1574 382 nam,
1599 338 1743 388 impor-

993 394 1173 438 turritate,
1211 393 1337 445 aptius
1375 392 1422 431 de
1461 390 1622 431 muliere
1663 387 1740 431 dici

993 457 1104 501 puto,
1124 448 1236 499 quam
1258 447 1493 488 de·ciuitate.
1555 448 1742 501 Suffraga-

995 515 1058 544 tur
1088 505 1177 542 huic
1209 506 1388 557 opinioni
1416 508 1571 558 antiqua
1610 503 1740 543 inscri-

992 563 1215 614 ptio,quam
1235 564 1379 602 Romae
1397 562 1564 603 vidimus
1587 563 1629 602 in
1648 562 1742 602 hm·-
1880 585 1881 591 κ

991 621 1038 657 tis
1059 618 1322 672 Carpenfibus.

1050 715 1092 744 C.
1132 714 1364 744 POPILIVS.
1399 713 1625 745 ALBAEVS

1099 770 1201 800 VIX.
1232 771 1318 800 AN.
1354 772 1495 801 XXXV

1053 841 1335 872 ATHENAIS.
1431 843 1737 879 AVGvsTAls.

1109 900 1250 929 VNCT

1109 956 1263 987 Posx‘r.
1291 956 1508 987 FRATRIS

1048 1045 1249 1096 Sacerdos]
1278 1047 1542 1087 Comanorum
1563 1043 1735 1086 sacerdos

992 1102 1217 1151 Archelaus,
1240 1117 1261 1142 a
1289 1106 1472 1158 Pompeio
1500 1105 1665 1154 Magno,
1693 1112 1737 1144 vs

990 1159 1119 1200 scribit
1138 1163 1348 1214 Appianus,
1373 1159 1598 1200 Mithridate
1629 1160 1738 1200 deui-

991 1220 1066 1264 ἂο,
1090 1217 1326 1270 ΡΥειεῑςὲὶιιεε
1364 1219 1449 1272 post
1477 1232 1592 1273 quem
1618 1217 1756 1259 fanen.

990 1274 1060 1313 dos
1080 1274 1153 1314 fuit
1171 1274 1417 1322 Nicomedes,
1437 1274 1737 1328 aCaesate,post

990 1331 1206 1385 superatum
1226 1334 1464 1386 Pompeium,
1484 1333 1734 1386 praepositus.

991 1391 1079 1427 Eius
1102 1388 1304 1428 sacerdotis
1336 1389 1496 1442 potestas
1529 1403 1628 1442 quae
1651 1388 1734 1428 sue-

991 1448 1056 1492 rit,
1077 1445 1240 1485 ostendit
1258 1448 1408 1485 Hirtius
1438 1445 1484 1491 de
1511 1444 1599 1485 bell.
1625 1444 1733 1489 Alex.

993 1517 1023 1542 c.
1037 1502 1105 1544 66.
1128 1502 1187 1542 his
1217 1504 1370 1542 verbis:
1407 1501 1598 1550 Comana,
1626 1513 1736 1543 vetu-

975 1557 1183 1614 stzffitnum
1209 1570 1249 1599 et
1258 1557 1536 1611 sanfliffimum
1569 1560 1611 1599 in
1640 1559 1736 1612 Cap-

987 1615 1152 1669 padocia
1184 1616 1363 1656 Bellonae
1396 1616 1602 1669 templum,
1631 1615 1736 1672 qitod

989 1684 1105 1713 tanta
1119 1673 1302 1729 r·el{gione
1320 1674 1474 1720 colitur,
1494 1683 1539 1713 vt
1548 1671 1733 1725 sacerdos

990 1731 1068 1770 eim·
1094 1728 1201 1776 deae,
1239 1730 1449 1781 maiestate,
1479 1731 1662 1782 imperio,
1689 1740 1732 1770 et

983 1789 1158 1839 potentia
1173 1785 1361 1837 secundus
1380 1801 1405 1825 a
1423 1799 1525 1843 rege,
1552 1787 1732 1839 consensu

982 1845 1113 1900 gentis
1132 1843 1255 1891 ilfius,
1277 1842 1491 1884 habeatur.-
1522 1841 1570 1883 id
1588 1843 1732 1893 homine⁴

988 1899 1208 1952 nobiltffimo
1232 1899 1437 1940 Nicomedi
1458 1897 1636 1950 Bithynio
1661 1898 1731 1940 ad-

987 1956 1192 1997 iudicauit.
1281 1956 1476 1997 videndus
1523 1966 1561 1995 et
1589 1957 1727 1998 Strabo

986 2013 1052 2055 lib.
1067 2026 1131 2057 12.

1042 2099 1275 2151 Adolastens
1301 2107 1341 2138 et
1369 2100 1570 2153 equitatu,
1600 2109 1640 2140 et
1662 2111 1729 2154 pe·

985 2156 1130 2206 ditatu,
1147 2167 1186 2198 et
1200 2159 1360 2210 pecunia
1375 2160 1563 2209 paratus]
1591 2158 1727 2197 LatIne

984 2229 1140 2268 quoquc
1159 2213 1334 2254 dicebant
1368 2227 1453 2253 cum
1481 2215 1730 2268 peaepofitio·

983 2285 1045 2319 ne,
1073 2287 1117 2319 a,
1150 2268 1212 2311 vel
1242 2270 1302 2310 ab.
1381 2268 1536 2311 Plancus
1581 2270 1648 2310 lib.
1665 2281 1727 2313 10.

984 2330 1086 2382 epist.
1102 2335 1138 2377 8.
1177 2330 1272 2368 Cum
1285 2329 1396 2369 deum
1413 2326 1650 2384 benignitate
1673 2325 1726 2368 ab

983 2388 1087 2426 omni
1103 2400 1147 2425 re
1157 2384 1295 2434 silmas
1312 2386 1540 2438 paratiores.
1566 2381 1724 2424 Coelius

982 2441 1048 2483 lib.
1064 2449 1099 2491 8.
1131 2443 1232 2494 epist.
1250 2453 1312 2483 10.
1345 2443 1430 2498 Qi
1438 2441 1593 2492 scirem,
1605 2453 1726 2495 quant
1748 2448 1759 2460 ·’

974 2510 1144 2553 paratus
1164 2498 1214 2540 ab
1234 2503 1401 2539 exercitu
1417 2495 1512 2552 effes.
1658 2497 1724 2538 De

979 2557 1079 2603 vita,
1084 2556 1138 2608 si
1149 2558 1334 2608 paratior
1354 2554 1402 2594 ab
1425 2556 1597 2594 exercitu
1625 2551 1723 2608 effi’s,

976 2615 1105 2667 timuf]
1117 2627 1187 2652 em.
1271 2613 1407 2652 Sumus
1422 2611 1616 2668 flagiti‘st
1649 2612 1722 2651 im-

973 2671 1113 2723 parati
1129 2683 1216 2709 cum
1234 2683 1258 2708 a
1278 2667 1483 2715 militibus,
1511 2678 1595 2707 tum
1616 2681 1641 2706 a
1656 2677 1721 2719 pe-

974 2729 1100 2773 cunia,
1139 2724 1206 2765 lib.
1225 2737 1266 2779 7.
1301 2724 1349 2764 ad
1371 2726 1482 2764 Attic.
1526 2724 1628 2776 epist.
1651 2732 1721 2775 15.

973 2784 1111 2823 Cicero
1131 2781 1237 2823 dixit.
1265 2779 1587 2837 Impurattffimus
1599 2782 1722 2880 ombni·

1671 2848 1718 2879 ut
