1881 3173
520 176 523 180 .
571 122 658 183 ‘m
686 143 803 184 crc.
835 111 1196 184 EPISTJFAM.

122 267 188 295 rae
217 254 258 294 in
294 254 393 295 hane
425 254 487 296 vel
523 254 628 296 illam
665 264 811 309 partem

604 314 712 360 ¹026,
727 325 809 365 277

68 367 376 410 Accommodabo
433 380 559 406 meum
615 368 810 408 consilium

124 425 353 480 potissimum
372 421 418 462 ad
436 432 545 463 tuum
573 437 612 478 9,
643 437 685 478 7,
715 437 812 479 244.

125 481 388 521 accommodes
410 482 446 519 ei
464 479 580 519 velim
602 482 647 522 ‹le
669 483 814 521 habita-

123 540 230 578 tione
261 550 324 591 ⁸3,
344 549 383 583 2,
404 544 497 589 381.
538 538 813 579 accommodus-

123 593 200 636 sem
221 607 320 633 meas
350 591 494 632 litteras
530 594 576 634 ad
611 594 650 633 id
681 609 722 648 4,
747 608 814 649 ις,

127 662 219 702 103.
268 650 632 690 accommodandum
663 655 713 691 est
739 653 812 692 hoc

125 718 251 747 totum
271 719 418 760 tempus
441 707 488 746 ad
507 711 618 748 vuius
641 707 815 748 volunta·

127 774 255 805 temet
281 764 480 819 prudentis
511 779 547 805 et
577 764 744 805 liberalis
774 778 815 818 4,

129 824 169 867 6,
187 833 255 873 92.
303 822 606 863 accommodatus
633 821 679 861 ad
712 825 814 863 vitae

125 892 230 918 meae
249 880 440 920 rationem
452 888 489 917 ct
502 878 813 918 consuetudinem

572 939 814 989 13‚67‚426

70 1007 330 1049 Accubueram
351 1005 449 1046 hora
468 1005 594 1053 nona,
625 1021 723 1053 cum,
744 1017 815 1047 etc.

569 1075 609 1115 9,
638 1067 707 1110 26,
731 1075 815 1115 270

71 1121 254 1159 Accurate
271 1131 384 1168 agere
405 1133 489 1161 cum
513 1117 644 1174 aliquo
679 1120 726 1159 de
749 1119 812 1158 ali·

126 1190 202 1230 qua
232 1189 274 1214 re
622 1190 664 1224 2,
683 1189 816 1230 15,44

70 1246 320 1289 Ἀκεγεσπυδος
569 1258 585 1288 t
597 1259 638 1299 ς,
649 1259 714 1303 17,
729 1258 816 1302 474

72 1303 268 1345 Acerbitas
288 1300 461 1341 Marcelli
487 1315 530 1356 4,
547 1315 588 1357 4,
615 1306 679 1351 86.
716 1316 818 1342 acer-

124 1361 222 1400 bitas
239 1358 374 1401 summi
396 1357 519 1398 lue‘ius
579 1373 617 1412 ς,
642 1363 708 1406 16,
734 1370 813 1412 127

72 1418 262 1460 Acerbum
275 1412 478 1455 habuimus
509 1429 556 1456 eo
584 1416 647 1456 die
677 1418 816 1456 Curio-

126 1488 212 1515 nem
238 1485 273 1522 1,
292 1485 332 1525 4,
355 1484 391 1525 5.
420 1473 594 1515 acerbam
620 1473 716 1516 mihi
743 1471 816 1512 effe

126 1533 244 1570 vitam
262 1541 393 1583 putem
682 1542 718 1579 1,
736 1541 776 1577 1,
791 1544 817 1573 2

70 1603 307 1648 Acerrimum
325 1599 361 1640 se
385 1599 470 1641 fore
490 1603 548 1641 tui
579 1600 817 1643 defensorem

133 1657 296 1698 ostendit
723 1657 817 1699 ibid.

75 1714 238 1761 Achilles
256 1714 487 1762 fortunatus,
515 1715 582 1768 qui
603 1717 818 1755 Homerum

133 1785 362 1829 praeconem
394 1770 552 1812 laudum
576 1770 728 1821 suarum
755 1787 821 1811 na-

133 1832 214 1870 ctus
236 1829 278 1871 fit
607 1841 645 1883 ς,
659 1840 723 1875 12,
738 1840 819 1872 122

82 1889 189 1930 Acies
215 1886 361 1935 ingenii
634 1898 674 1933 2,
689 1889 753 1931 16,
763 1889 821 1939 46

78 1959 188 2009 Acies
207 1957 395 2007 „instrufia
422 1969 442 1994 a
475 1954 589 1995 Pansa
619 1954 821 1995 duodecim

137 2013 354 2054 cohortium.
386 2024 451 2060 10,
483 2024 548 2064 30,
580 2015 673 2065 306.
721 2015 822 2052 acies

133 2085 250 2124 quem
283 2071 425 2110 exitum
452 2069 628 2110 habitura
658 2071 699 2109 fit
725 2070 823 2109 diui·

137 2141 228 2169 nare
252 2141 364 2168 nemo
385 2127 505 2180 potest
617 2129 656 2175 6,
680 2139 715 2179 3³
739 2139 821 2180 143

81 2186 266 2238 Aequieui
300 2182 538 2236 aliquantum
581 2182 654 2222 tuis
684 2182 820 2224 litteris

137 2242 244 2283 lectis
255 2253 295 2294 4,
315 2244 353 2288 6,
373 2251 439 2292 90.
467 2239 702 2291 acquiescere
721 2243 762 2279 in
780 2255 824 2280 re

138 2297 265 2352 aliqua
288 2310 328 2351 9,
350 2309 386 2349 3,
404 2309 500 2349 242.
527 2295 760 2348 acquiescere
781 2299 823 2337 in

139 2356 351 2408 sapientum
393 2356 602 2407 praeceptis
639 2354 687 2392 ad
726 2355 824 2394 bene

138 2414 326 2464 beateque
357 2409 566 2450 viuendum
665 2422 706 2465 4,
722 2423 757 2463 3,
772 2419 827 2465 84

85 2470 304 2526 Acquirete.
385 2465 495 2506 Nihil
517 2466 610 2507 mihi
629 2470 826 2520 acquiren-

145 2527 234 2565 dum
253 2522 446 2578 putabam,
476 2537 601 2576 neque
627 2524 675 2563 ad
703 2526 825 2565 hono.-

139 2596 234 2628 rem,
257 2593 379 2633 neque
403 2579 450 2618 ad
479 2578 638 2629 gloriam
670 2586 823 2634 3,7,63

88 2641 184 2684 Aeta
215 2639 314 2677 mitti
342 2636 390 2678 ad
416 2648 454 2677 te
483 2634 642 2677 sciebam
671 2649 737 2684 11,
758 2651 827 2695 25,

148 2707 240 2752 337.
290 2695 370 2734 aeta
419 2707 547 2733 rerum
596 2692 828 2735 vrhamrum

146 2749 218 2795 tihi
261 2752 362 2792 mitti
408 2758 513 2792 certo
558 2749 636 2792 scio
675 2763 740 2799 12,
758 2765 827 2804 23,

743 2815 829 2866 370

869 256 1054 296 Acumen.
1095 255 1164 294 Tu
1183 252 1285 295 solus
1304 264 1433 308 aperta
1451 269 1531 296 non
1552 258 1611 298 vi·

926 311 1046 359 debis,
1072 314 1138 366 qui
1169 322 1328 366 propter
1359 325 1515 353 acumen
1549 328 1611 352 oc-

926 367 1120 409 cultitlima
1139 367 1342 424 perspicis}
1393 382 1431 422 ς,
1448 381 1511 420 14,
1527 382 1608 425 125

869 442 987 479 Acute
1016 438 1147 480 videre
1425 447 1462 492 8,
1472 454 1511 497 4,
1524 453 1610 485 210

869 511 927 552 Ad
949 509 1064 550 alieni
1086 509 1209 551 sensus
1239 512 1510 559 conieekuram,
1530 527 1612 555 non

924 567 971 607 ad
993 567 1099 607 suum
1118 568 1302 610 iudicium
1322 567 1484 609 scribere
1511 572 1550 616 6,
1568 581 1612 623 7,

929 637 1021 678 153.
1080 624 1128 663 ad
1152 623 1344 678 Apollinis
1376 633 1411 677 8,
1439 638 1481 678 4,
1513 637 1612 670 211.

926 683 973 720 ad
1004 681 1206 721 arbitrium
1238 693 1344 721 tuum
1369 693 1411 736 7,
1445 693 1482 731 1,
1516 693 1611 736 171.

926 738 974 777 ad
995 738 1096 776 diem
1126 736 1308 778 decedere
1338 738 1384 777 de
1412 740 1614 792 prouincia

926 809 966 842 2,
992 806 1056 848 17,
1076 801 1143 847 43.
1172 796 1218 835 ad
1243 810 1369 836 mcum
1391 795 1550 842 sensum,
1576 804 1614 838 et

926 851 972 891 ad
1012 850 1107 890 illud
1137 851 1320 893 iudicium
1359 854 1540 893 sincerum
1571 866 1616 893 ae

927 907 1061 947 subtile
1084 907 1180 948 nihil
1201 911 1320 961 potcst
1353 910 1424 948 ess'e
1447 908 1614 950 laudabi-

928 964 1013 1012 lius,
1045 979 1158 1018 quam
1187 977 1250 1005 tua
1280 967 1422 1013 oratio,
1444 979 1514 1007 etc.
1547 978 1616 1021 15,

929 1026 968 1068 6,
986 1024 1042 1075 46
1050 1034 1083 1074 3.
1117 1021 1173 1061 ad
1188 1037 1315 1062 mmm
1324 1038 1388 1062 um
1406 1020 1484 1077 ff.
1518 1026 1614 1063 Non

929 1078 1002 1117 csse
1017 1079 1064 1116 ad
1087 1092 1286 1118 numerum
1311 1086 1346 1128 8.
1373 1086 1410 1127 8,
1431 1091 1526 1121 220.
1566 1078 1615 1118 ad

928 1135 1126 1180 summam,
1155 1137 1284 1174 animo
1315 1135 1408 1175 forti
1440 1137 1514 1174 litis
1548 1148 1616 1190 14,

931 1202 996 1246 14,
1027 1194 1125 1250 446.
1161 1191 1210 1230 ad
1239 1202 1387 1247 tempus
1416 1191 1541 1231 aderis
1573 1196 1614 1238 6,

1439 1261 1508 1296 20,
1532 1252 1616 1303 167

872 1316 1021 1357 Addere
1041 1316 1236 1359 cumulum
1372 1331 1437 1375 13,
1453 1331 1518 1374 ις,
1534 1332 1618 1376 394

873 1375 1107 1417 Addubitare
1426 1379 1465 1423 6,
1479 1379 1515 1425 6,
1534 1388 1617 1433 150

875 1445 1043 1490 Adduxit
1062 1448 1143 1487 cius
1162 1445 1277 1486 fidem
1301 1445 1342 1492 in
1364 1443 1618 1500 suspicionem

933 1510 971 1552 g,
988 1506 1157 1550 11,226·
1198 1501 1436 1557 adduxerunt
1462 1517 1545 1544 rem
1573 1506 1618 1544 in

931 1573 1015 1602 eam
1052 1561 1301 1618 opinionem,
1342 1569 1383 1599 vt
1413 1562 1618 1614 Pompeius

930 1630 1068 1671 cupere
1092 1615 1268 1659 videatur
1298 1627 1336 1664 1,
1361 1627 1397 1665 1,
1422 1629 1459 1672 3.
1501 1616 1621 1659 addu-

932 1687 1013 1714 cam
1042 1683 1080 1714 te
1107 1675 1147 1715 in
1172 1687 1295 1713 meam
1323 1672 1546 1714 sententiam
1574 1687 1620 1722 2,

934 1744 972 1784 3,
1003 1742 1067 1782 32.
1119 1729 1307 1770 adducere
1354 1727 1522 1783 aliquem
1566 1730 1619 1771 ad

932 1788 1039 1826 suum
1059 1788 1260 1830 arbitrium
1285 1798 1323 1842 ς,
1338 1798 1405 1834 20,
1420 1799 1513 1840 133.
1552 1787 1620 1829 ad-

933 1844 1069 1887 ducere
1087 1846 1129 1886 in
1149 1845 1339 1884 honorem
1366 1855 1408 1899 7,
1427 1847 1498 1891 26,
1520 1855 1617 1899 197.

932 1900 1119 1940 adducere
1162 1899 1320 1942 salutem
1362 1899 1520 1943 alicuius
1559 1896 1619 1941 'in

934 1957 1133 1998 discrimen
1157 1960 1197 2004 6,
1217 1968 1282 2009 13,
1307 1958 1400 2001 162.
1429 1956 1625 1998 adducere

933 2026 970 2055 te
996 2013 1148 2057 videtur
1166 2011 1390 2053 nonnullam
1408 2014 1447 2053 in
1469 2013 1617 2059 dubita·

932 2073 1080 2114 tionem
1101 2072 1281 2113 itinerum
1300 2083 1474 2112 meorum
1501 2074 1616 2120 ratio,

933 2126 1131 2177 visurusne
1151 2141 1212 2168 me
1232 2128 1275 2166 fis
1294 2128 1334 2166 in
1351 2128 1550 2183 prouincia
1577 2142 1620 2182 3,

935 2198 975 2240 ς,
999 2184 1285 2238 58..‡adcirz&us
1313 2184 1522 2224 ambitione
1553 2196 1620 2238 13,

938 2254 1001 2296 32,
1031 2248 1129 2294 408.
1183 2239 1452 2281 beneuolentia
1498 2244 1535 2292 6,
1577 2254 1617 2295 3,

939 2309 1034 2351 142.
1064 2311 1148 2337 mea
1177 2296 1518 2346 commendatione,
1548 2309 1618 2341 etc.

941 2367 1007 2407 13,
1030 2367 1098 2406 54,
1120 2361 1220 2408 418.
1247 2353 1432 2394 adduffius
1461 2369 1540 2394 non
1563 2353 1619 2396 so-

937 2409 1017 2452 lum
1036 2413 1188 2457 iustitia,
1204 2409 1276 2464 sed³
1286 2412 1400 2451 etiam
1409 2410 1622 2452 misericor-

939 2467 1000 2507 dia
1037 2481 1073 2522 3,
1097 2475 1134 2518 8,
1159 2470 1226 2512 66.
1285 2466 1467 2507 adduc'ius
1514 2469 1620 2522 pacit

938 2524 1014 2579 spe,
1037 2529 1126 2565 non'³
1145 2524 1351 2578 cupiditate
1375 2523 1466 2565 belli
1485 2528 1526 2577 4,
1552 2537 1622 2579 14,

942 2594 1034 2624 102-
1063 2579 1247 2621 adduetus
1258 2580 1338 2623 sum
1357 2580 1566 2630 voluntate,
1578 2591 1623 2625 vt

937 2638 1101 2677 facerem
1119 2650 1282 2692 ea,·quae
1304 2649 1365 2678 tua
1384 2637 1504 2678 caussa
1530 2639 1620 2685 feci,

936 2697 1141 2751 posteaque
1162 2696 1367 2736 constantia
1389 2696 1440 2749 ς,
1456 2707 1495 2748 ς,
1529 2707 1624 2741 110-

935 2751 1097 2793 addue‘ta
1133 2766 1194 2794 res
1230 2761 1310 2792 erat
1337 2753 1377 2792 in
1408 2764 1621 2796 extremum

936 2807 1136 2853 discrimen
1169 2821 1233 2857 12,
1255 2811 1294 2857 6,
1318 2820 1411 2866 350.
1457 2809 1623 2853 addueta

1561 2880 1623 2910 m
