1881 3173
257 137 327 178 IN
352 137 470 177 CIC.
500 135 696 176 EI‘IST.
719 133 855 174 ΕΔΜ.
895 131 1005 170 LIB.
1026 128 1129 167 xm.
1181 125 1368 164 EPIST.
1397 126 1443 164 X.

77 250 217 300 ranam,
241 249 333 290 duo.
360 262 450 290 nam
471 259 510 289 et
529 247 687 294 iudices,
708 254 745 286 et
767 259 830 299 pa·

79 310 199 359 troni,
231 318 267 347 et
297 306 535 347 accusatores
573 308 612 344 in
643 303 828 344 subselliis

81 364 346 407 considebant:
389 361 534 403 caufl‘ae
566 377 660 401 vero
691 360 752 401 vel
782 360 829 399 de

79 421 245 479 publicis
276 422 393 461 rebus
425 430 556 467 erant,
586 417 647 459 vel
674 418 720 458 de
753 418 827 471 pri-

81 481 192 520 vatis.
259 477 390 526 ‚Quod
419 489 546 516 autem
568 476 752 516 Pedianus
786 476 828 513 in

81 538 254 581 Diuinat.
275 550 307 574 c.
326 547 387 588 ις.
415 537 579 574 maiores
601 532 739 573 causs'as
763 532 827 574 tri,-

80 592 290 648 bunalibus
306 601 344 631 ct
364 589 464 630 sellis
483 590 691 640 curulibus,
705 590 828 643 mino-

82 664 144 690 res
163 659 292 690 autem
309 647 493 688 subselliis
525 649 682 687 tribuit:
712 646 827 694 magi-

85 700 243 754 strat‘us,
278 705 431 746 iudiciis
465 705 720 758 praepofitOS,
750 716 829 741 non

85 763 245 811 iudices,
298 762 505 812 distinguit.
553 776 642 800 nam
674 759 832 805 iudices,

87 823 164 862 fiue
185 835 271 860 cum
299 821 464 860 tribunis
494 817 630 872 plebis,
658 816 833 856 triumui-

88 882 156 926 ris,
175 877 452 931 quacstoribus,
474 874 662 914 aedilibus
695 871 832 927 plebiS,

75 933 166 976 ‘fine
191 949 276 974 cum
300 933 555 987 praetorib11S‚
582 941 619 970 et
645 929 832 969 aedilibus

91 1007 171 1032 cur.
192 991 418 1037 iudicarent,
439 991 479 1027 in
502 986 686 1027 subselliis
719 987 833 1026 conti-

80 1050 253 1090 debant:
283 1049 517 1097 magistratus
540 1056 666 1084 autem
703 1043 764 1085 vel
793 1044 833 1082 in

94 1104 293 1152 subselliis,
326 1114 368 1143 vt
396 1105 437 1150 ii,
464 1105 551 1155 qui*
573 1099 722 1141 curules
755 1113 835 1139 non

95 1174 219 1210 erant,
234 1175 341 1219 ‘quos
362 1161 536 1214 proxime
552 1160 764 1206 nominaui,
775 1155 837 1197 vel

95 1224 136 1262 in
158 1218 256 1260 sellis
285 1216 494 1263 curulibus,
526 1227 567 1256 vt
597 1215 728 1256 aedilis
760 1228 838 1254 cur.

100 1292 137 1319 et
154 1287 333 1332 praetor:
363 1285 401 1314 et
417 1272 550 1313 aedilis
575 1272 731 1327 quidem
749 1272 838 1327 ‚fine

98 1331 299 1382 tribunali,
319 1342 475 1387 praetor
503 1341 630 1370 autem
659 1344 743 1369 cum
776 1330 841 1368 tri-

98 1389 245 1435 bunali.
302 1391 404 1430 Haec
426 1387 580 1428 videtur
605 1387 676 1427 esl'e
689 1385 843 1426 Pediani

101 1449 299 1494 sententia,
321 1460 406 1486 cum
427 1448 500 1486 ait:
529 1445 628 1493 Alii,
651 1443 844 1489 Alienum,

89 1511 176 1548 'vum
205 1518 337 1545 nomen
365 1505 566 1558 proprium
588 1513 730 1554 putant
768 1498 845 1555 effi’,

93 1564 170 1617 fid
196 1563 375 1608 alienum,
408 1570 447 1600 et
487 1560 653 1613 alterius·
689 1555 848 1603 iudicii,

107 1632 146 1662 et
165 1634 236 1660 non
256 1631 306 1658 ex
325 1615 518 1657 auditorio
536 1617 740 1668 praetoris,
769 1629 847 1654 ma-

109 1679 303 1730 iorumque
318 1688 390 1727 cat(
419 1687 550 1718 nrum,
566 1671 645 1723 fid
670 1687 693 1710 a
704 1670 849 1725 fitbsel·

112 1735 188 1780 liis,
206 1732 272 1772 hoc
304 1729 369 1785 cst,
405 1743 480 1769 non
520 1744 545 1767 a
580 1727 851 1770 tribunalibus.

100 1792 201 1844 sunt
232 1790 333 1828 enim
365 1785 557 1839 subfillia
593 1785 854 1830 tribunorum,

111 1846 419 1891 triumuirorum,
451 1841 701 1899 quaestorum,
730 1851 769 1881 et
787 1840 855 1881 hu-

113 1902 316 1945 iuscemodi
337 1901 488 1940 minora
507 1900 652 1939 iudicia
682 1911 855 1938 exercen-

115 1964 228 2007 tium,
256 1958 323 2014 qni
348 1969 424 1996 non
452 1957 493 1995 in
504 1955 617 2006 fillis
643 1954 856 1999 curulibus,

117 2033 184 2060 nec
207 2011 486 2060 tribunalibus,
502 2008 578 2062 fid
605 2013 646 2052 in
663 2009 858 2063 subselliis

117 2070 369 2126 confidebant.
425 2071 532 2109 Dixit
560 2070 678 2118 igitur
706 2066 857 2116 Cicero,

118 2130 310 2173 versatum
342 2123 416 2167 effe
435 2130 648 2166 varronem
679 2127 720 2164 in
749 2126 860 2165 Vtris-

120 2203 196 2245 que
217 2182 413 2232 subselliis,
430 2184 471 2223 id
492 2185 556 2230 est,
585 2182 697 2232 egisse
721 2181 861 2223 caussas

121 2258 160 2288 et
178 2243 278 2298 apud
299 2255 365 2282 eos
386 2240 542 2288 iudices,
563 2241 631 2293 qui
651 2238 756 2279 fimul
778 2253 864 2278 cum

123 2302 342 2352 magistratu
369 2312 450 2338 non
480 2296 625 2344 curuli,
655 2299 785 2351 paruis
818 2295 865 2334 de

125 2361 254 2404 rebus,
275 2367 312 2396 et
342 2355 443 2409 apud
469 2369 558 2402 coe,
587 2356 655 2406 qui
687 2368 773 2393 cum
806 2367 868 2392 cu·

126 2415 205 2458 ruli
240 2412 287 2452 de
325 2413 535 2452 maioribus
584 2409 867 2460 cognoscerent.

127 2475 201 2514 Hic
220 2469 355 2511 addam
379 2470 481 2522 quasi
509 2473 694 2516 πάρεργον,
712 2469 868 2509 tertium

131 2528 326 2584 quoddam
345 2539 461 2576 genus
478 2524 647 2564 iudicum
667 2523 790 2570 fuiffe,
800 2524 870 2577 qui

132 2590 267 2627 stantes
290 2583 523 2622 iudicarent:
568 2581 615 2620 de
643 2583 782 2635 quibus
804 2581 870 2620 Ci-

133 2658 222 2683 cero
241 2644 280 2681 in
302 2641 420 2679 Bruto
444 2654 474 2678 c.
490 2645 556 2691 84.
566 2637 620 2690 st
627 2639 792 2696 anguste,
814 2638 872 2676 in·

135 2703 232 2754 quit,
255 2709 293 2739 ct
312 2695 483 2748 εξβῖὶτον
504 2697 641 2742 dicere,
663 2696 715 2749 5²st
732 2696 873 2735 Attico-

135 2771 236 2805 rum,
247 2755 339 2810 sint
348 2753 445 2804 sane
469 2752 617 2791 Attici:
648 2753 723 2805 de
748 2754 789 2792 in
817 2766 876 2791 co·

138 2815 287 2854 mitium
306 2812 478 2857 veniant,
505 2807 561 2849 ad
573 2807 749 2863 stantem
776 2804 878 2849 iudi-

1537 133 1627 177 799

886 256 965 284 cem
985 237 1131 280 dice'mt.
1170 235 1359 291 Subsellia
1372 234 1627 295 grandiorem

885 311 924 339 ct
964 298 1170 351 pleniorem
1212 309 1340 337 vocem
1390 293 1625 346 defiderant.

886 360 967 396 Hos
1003 355 1146 409 opinor
1171 350 1247 391 leui
1272 350 1401 405 aliqua
1436 351 1482 390 de
1509 363 1574 400 re,
1603 364 1626 390 a

885 414 1100 462 magistratu
1121 408 1310 456 mandata,
1340 408 1540 462 separatim
1570 411 1628 447 iu-

885 470 1031 509 dicture.
1061 482 1148 507 nam
1168 468 1325 506 stantem
1357 463 1535 504 iudicasse
1565 463 1630 504 vel

885 527 1153 571 triumuirum,
1197 521 1259 563 vel
1293 522 1410 562 alium
1438 524 1633 561 minorem

885 585 1154 633 magistratum,
1173 579 1354 620 credibile
1379 593 1457 619 non
1483 579 1556 618 est:
1592 587 1631 618 et

887 641 1070 680 Pedianus
1093 639 1339 677 triumuirum
1360 634 1490 676 sedisse
1510 637 1631 675 osten-

890 697 966 741 dit3
996 707 1033 735 et
1055 694 1155 734 idern
1176 695 1311 734 Cicero
1321 695 1634 738 confirmat,cum

890 757 943 793 ait
963 755 1002 791 in
1017 751 1244 791 Cluentiana
1274 767 1304 790 c.
1332 760 1391 799 ¹3·
1432 750 1634 789 Hominem

889 821 981 850 ame
1011 807 1123 861 pedes
1155 809 1212 864 Q:
1240 808 1427 854 Manilii,
1454 808 1521 862 qui
1549 816 1633 845 tum

890 878 978 908 erat
997 867 1198 911 triumuir,
1219 863 1462 919 corylituttnt.

949 947 1151 1002 Petitioni]
1189 949 1314 995 Petiit,
1345 957 1384 986 et
1406 945 1564 1000 adeptus
1582 946 1635 985 est

891 1009 1189 1052 triuumiratuui,
1223 1017 1259 1044 et
1288 1005 1524 1044 tribunatum
1558 1002 1639 1057 ple-

891 1067 964 1111 biS,
987 1074 1028 1103 vt
1048 1065 1100 1102 ait
1112 1060 1257 1102 Gellius
1279 1061 1345 1101 lib.
1364 1073 1424 1114 13.
1445 1076 1475 1100 c.
1493 1074 1553 1102 12.
1574 1058 1636 1098 sed

893 1134 1023 1163 vtrum
1059 1121 1296 1159 tribunatum
1340 1132 1427 1157 ante
1465 1118 1636 1170 quaestu-

894 1193 990 1226 ram,
1013 1176 1050 1216 id
1075 1178 1144 1225 est,
1177 1186 1265 1214 ante
1292 1175 1390 1215 hanc
1426 1173 1640 1229 epistolam,

897 1251 944 1276 co
966 1235 1165 1288 quaestore
1189 1232 1378 1286 scriptam,
1397 1246 1446 1271 an
1463 1233 1558 1285 post,
1581 1233 1638 1270 in·

899 1301 1043 1332 certum
1067 1290 1231 1332 videtur.
1248 1289 1409 1338 scimus,
1429 1290 1642 1343 postdquae-

890 1352 1037 1391 stur-am
1066 1350 1145 1402 peti
1183 1345 1338 1389 solitum
1369 1346 1443 1386 effe
1474 1347 1645 1386 tribuna·

901 1418 1002 1447 tum:
1031 1406 1149 1458 idque
1170 1402 1350 1450 declarat,
1367 1414 1409 1444 vt
1435 1401 1510 1442 alia
1532 1404 1646 1442 omit·

899 1475 975 1504 tam
988 1473 1222 1513 argumenta,
1236 1459 1302 1500 lib.
1315 1474 1355 1503 2·
1374 1462 1478 1514 epist.
1497 1458 1564 1501 vlt.
1584 1473 1648 1499 ve·

901 1536 1007 1570 rum,
1043 1517 1189 1574 petiiss'e
1230 1523 1468 1565 Varronem,
1497 1518 1647 1556 bonum

900 1581 1042 1626 virum,
1062 1579 1284 1629 bonumque
1313 1578 1448 1621 ciuem,
1476 1575 1650 1613 tribuna-

903 1646 985 1682 tum
1010 1636 1091 1688 post
1119 1634 1192 1671 hoc
1221 1643 1395 1685 tempus,
1433 1630 1474 1670 id
1493 1633 1544 1670 est
1563 1631 1647 1684 post

904 1692 1072 1731 amissam
1092 1689 1321 1737 libertatem,
1341 1703 1426 1727 cum
1437 1687 1534 1728 nihil
1548 1689 1649 1735 iure,

907 1746 1003 1788 nihil
1027 1761 1136 1786 more
1154 1757 1362 1795 gereretur,
1383 1744 1430 1784 ad
1451 1746 1564 1784 vnius
1583 1758 1653 1784 vo-

909 1805 1093 1846 luntatem
1110 1805 1241 1843 omnia
1270 1802 1529 1850 referrentur,
1555 1801 1653 1841 mihi

910 1862 1065 1916 quidem
1088 1875 1167 1899 non
1198 1861 1241 1899 fit
1271 1857 1483 1900 verisimile.
1508 1857 1653 1906 rursus,

912 1922 997 1973 quis
1019 1918 1145 1958 credat
1166 1931 1267 1964 eum,
1293 1918 1394 1967 gesto
1426 1917 1503 1955 iam
1534 1917 1656 1955 tribu·

912 1986 1017 2022 natu,
1037 1976 1276 2028 quaesturam
1293 1976 1433 2027 potius,
1460 1986 1575 2026 quam
1594 1986 1655 2012 ae-

915 2033 1099 2074 dilitatem
1113 2030 1300 2078 curulem,
1311 2041 1376 2070 aut
1386 2032 1516 2078 etiam,
1525 2028 1659 2069 aedili-

913 2101 991 2132 tate
1001 2088 1366 2143 reli&a,praeturan1
1376 2098 1504 2141 petere
1517 2085 1658 2127 voluis-

916 2148 976 2188 se?
1005 2147 1180 2194 omnino,
1210 2156 1251 2186 vt
1279 2147 1319 2184 in
1351 2159 1394 2184 re
1421 2142 1566 2183 difficili
1591 2142 1660 2182 ali·

904 2205 1012 2259 -quid
1041 2206 1219 2250 statuam,
1246 2203 1272 2241 fi
1306 2203 1388 2256 post
1420 2202 1661 2253 quaesturam

919 2268 1044 2304 varro
1064 2263 1302 2303 tribunatum
1332 2258 1449 2308 gestit,
1477 2269 1518 2298 vt
1547 2260 1664 2306 magi-

921 2320 1106 2359 stratuum
1154 2316 1252 2356 ordo
1298 2314 1474 2370 postulat,
1523 2313 1664 2364 gestisse

924 2377 1090 2426 Augusto
1116 2376 1309 2428 principe‚-
1332 2372 1513 2417 libentius
1546 2371 1665 2411 credi-

924 2432 1059 2481 derim,
1094 2445 1209 2485 quam
1250 2432 1295 2470 C.
1347 2427 1517 2481 Caesare
1544 2429 1679 2468 domi·¹

923 2499 1052 2530 nante.

983 2569 1302 2627 Honefiiffimum]
1352 2571 1445 2612 Non
1469 2574 1594 2611 omnis
1620 2569 1666 2609 la·

926 2633 1067 2677 borum
1085 2631 1232 2672 frufitus
1252 2629 1444 2677 honestuS,
1464 2628 1525 2668 scd
1538 2629 1671 2667 ,honor

930 2689 1077 2730 fruetus
1114 2684 1403 2727 honestiffimus.
1487 2689 1558 2725 Pro
1589 2684 1670 2734 lege
1719 2679 1722 2684 ’

931 2743 1092 2788 Manilia
1124 2754 1203 2785 c.1.
1246 2745 1359 2783 Meus
1389 2740 1513 2789 labor,
1537 2745 1577 2781 in
1594 2742 1672 2794 pri-

933 2815 1117 2846 vatorum
1132 2801 1318 2855 periculis
1333 2798 1430 2853 caste
1456 2801 1675 2855 integreque
1737 2831 1746 2837 χ

1553 2856 1678 2904 versi:-
