1881 3173
262 175 263 178 ¹
300 151 385 212 ³1N
411 173 747 222 C1C.EP1ST.
775 182 1173 229 FAM.L1}3.X111.
1213 190 1460 236 emsa-‚n

86 283 239 323 octonis
258 289 498 336 congressum
521 293 705 335 vitauerit
718 298 833 337 Mem·

1565 206 1653 262 787

892 297 1059 348 aculeus,
1087 302 1167 354 qui,
1192 317 1278 344 cum
1307 306 1460 350 audiret
1485 312 1639 354 Cicero·

85 339 200 388 mius',
232 345 338 382 venit
373 346 412 383 in
443 357 608 389 mentem
644 351 832 406 suspicari,
891 358 949 394 nis
975 356 1182 399 aduentum
1212 367 1540 419 appropinquare,
1563 371 1639 410 ‹lis-

84 398 175 448 quia
195 411 304 438 reum
328 401 375 440 de
403 405 549 444 ambitu
585 408 726 449 Cicero
766 412 829 450 de-

83 452 242 495 fendere
270 455 453 502 noluerit.
506 476 694 517 nusquam
726 470 829 509 enim

79 510 272 562 fignificat,
293 528 379 554 eum
402 529 423 554 a
449 516 486 557 se
506 519 713 564 defensum.
733 526 828 580 quin

80 570 197 607 etiam
218 569 285 609 lib.
304 581 339 624 3.
360 573 408 615 ad
433 576 486 625 Q
506 578 565 618 Fr.
586 582 688 633 epist.
703 595 741 624 2.
762 583 827 626 be,-

80 638 130 664 ne
152 623 292 667 sentire
311 627 348 668 se
367 632 531 674 ostendit
554 637 600 675 de
621 639 701 677 eius
721 651 827 678 accu-

80 680 205 722 satore
226 684 380 734 Curtio,
409 702 522 741 quem
546 706 657 734 vocat
679 695 826 736 bonum

81 751 118 779 et
132 740 324 782 eruditum
343 744 622 790 adolescentem
632 767 643 799 ;
673 755 826 805 pellime

80 809 208 836 autem
231 799 278 838 de
307 800 389 854 ipso
411 806 609 854 Memmio,
629 822 715 848 cum
741 808 826 850 sub-

79 855 204 904 iungit
216 871 226 900 3
263 858 344 896 eius
377 860 660 905 absolutionem
697 864 825 916 legum

79 912 279 952 interitum
307 913 405 958 fore.
632 935 636 939 “

136 983 306 1038 Iniuria]
374 987 490 1037 Quod
517 990 658 1031 iniusto
679 992 823 1034 iudicio

82 1038 282 1079 damnatus
302 1041 402 1084 esset.
460 1046 518 1085 Ad
539 1050 714 1089 Memmii
742 1065 824 1101 gra-

79 1099 171 1136 tiam
201 1098 274 1136 hoc
287 1135 290 1138 ,
303 1098 406 1140 dicit.
451 1101 565 1144 aliter
597 1108 701 1145 enim
734 1122 824 1148 eum

77 1152 228 1202 sentire,
245 1155 440 1210 perspicue
458 1162 701 1210 cognoscitur
715 1178 759 1204 ex
776 1167 823 1204 iis

78 1212 221 1258 verbis,
241 1225 340 1265 quae
360 1213 446 1256 sunt
476 1215 544 1258 lib.
561 1232 595 1274 3.
622 1219 672 1259 ad
692 1224 746 1270 Q
762 1223 824 1262 Fr.

79 1269 181 1322 epist,
194 1278 232 1309 2.

134 1337 257 1396 Qod
273 1340 326 1396 est
343 1342 553 1400 molestiae]
580 1348 626 1387 In
645 1357 682 1388 te
701 1348 827 1391 exsule

0 1405 2 1408 ’
54 1418 56 1420 -
76 1395 257 1436 videndo.

134 1467 229 1508 Cum
247 1478 284 1508 te
305 1483 380 1509 non
403 1469 533 1526 video]
569 1477 670 1526 Qnia
698 1476 826 1519 fruciu

75 1537 188 1564 careo
242 1523 478 1567 suauiffimae
535 1532 821 1576 consuetudinis

76 1591 176 1621 tuae.

131 1651 253 1710 Qod
295 1652 362 1707 ff
405 1657 535 1707 potuit
589 1661 819 1716 voluptatis]

76 1712 204 1758 Quali,
226 1724 303 1748 non
331 1712 442 1763 poffit
478 1711 551 1753 effe
574 1713 740 1767 summa,
768 1723 820 1760 ob

76 1768 190 1805 amici
209 1765 482 1812 calamitatem:
513 1768 590 1818 sed,
625 1787 724 1827 quae
753 1791 821 1830 po-

77 1826 151 1863 tuit
182 1822 267 1869 effe,
299 1827 446 1874 maior,
488 1827 515 1864 fi
551 1838 588 1867 te
628 1832 825 1883 vidissem,

75 1878 216 1928 finisset,
235 1894 350 1934 quam
383 1884 446 1930 est,
483 1894 567 1923 cum
597 1894 633 1926 te
658 1903 739 1929 non
769 1895 823 1932 vi-

75 1937 162 1976 deo.
192 1952 279 1977 nam
297 1939 362 1977 etfi
376 1952 459 1978 cum
469 1938 694 1994 sapientiam
706 1958 822 1999 tuam,

75 2008 151 2048 qua
173 1993 248 2034 fers
269 1996 463 2043 iniuriam,
487 1996 698 2043 disiunctus
732 2019 754 2045 a
784 2018 821 2046 te

76 2053 203 2101 cogito
220 2068 230 2097 3
258 2051 494 2105 voluptatem
506 2053 676 2109 aliquam
687 2065 796 2116 capio
810 2079 821 2110 3

75 2119 215 2155 tamen,
250 2109 275 2148 fi
317 2118 353 2148 te
392 2109 577 2158 vidiffem,
617 2115 819 2171 aliquanto

72 2166 261 2205 maiorem
279 2166 475 2219 cepissem.
506 2172 691 2214 mansisset
715 2179 818 2217 enim

72 2221 281 2276 voluptatis
316 2224 448 2264 eadem
481 2226 624 2268 caufl'a:
674 2244 711 2272 et
752 2233 819 2273 ali-

72 2278 166 2332 quid
198 2290 415 2333 practerea‚
446 2295 532 2322 cum
570 2297 606 2325 te
644 2290 818 2342 praesens

73 2335 309 2390 praesentem
339 2337 532 2386 viderem,
572 2351 718 2398 tuoque
749 2347 822 2388 ser.

74 2407 190 2432 mone
210 2392 371 2440 fruerer,
392 2396 598 2438 accessiss'et.

129 2450 221 2489 Non
240 2450 425 2491 dubitabo
445 2454 540 2493 dare
564 2460 734 2510 operam]
757 2461 821 2503 Li,-

72 2516 131 2546 cet
150 2521 235 2546 cum
255 2506 384 2560 aliqua
404 2507 575 2549 molestia
597 2522 634 2552 te
665 2516 729 2565 sim
759 2518 818 2556 vi·

75 2561 205 2602 surus:
243 2579 321 2603 non
348 2564 536 2605 dubitabo
568 2578 693 2611 tamen
724 2587 814 2627 ope-

71 2632 155 2660 ram
174 2619 277 2667 dare,
300 2631 339 2660 vt
358 2632 396 2660 te
431 2621 596 2664 videam.

132 2675 225 2716 Cum
248 2676 296 2716 id
317 2679 423 2728 satis
450 2680 640 2721 commode
672 2681 813 2734 facere

68 2731 220 2786 potero]
250 2735 319 2772 His
338 2734 467 2775 verbis
478 2750 563 2775 cum
586 2737 667 2792 spes
690 2738 812 2781 futuri

72 2783 374 2842 temporiS,‘tum
394 2792 584 2833 excusatio
604 2795 811 2849 praesentis

71 2846 242 2903 affertur.
289 2861 358 2892 nec
385 2848 494 2906 abest
518 2850 562 2894 in
585 2852 813 2900 Memmium

889 411 1048 454 cesserit.

943 484 1008 532 Et,
1042 496 1085 525 vt
1119 487 1308 540 arbitror,
1337 494 1472 546 confici
1488 496 1636 552 potest]

885 543 979 580 Non
1000 544 1101 582 enim
1126 558 1145 583 a
1168 555 1204 585 tc
1226 557 1364 601 petam,
1389 551 1494 604 quod
1513 555 1635 608 impe-

885 608 986 640 trare
1006 614 1084 639 non
1108 601 1279 646 debeam.

942 671 1036 711 Cum
1065 673 1240 715 Patrone
1271 677 1473 733 Epicureo]
1557 683 1634 720 Hic

882 725 1036 767 videtur
1064 731 1275 785 principem
1306 733 1433 775 locum
1468 737 1631 777 Athenis

883 783 1042 824 tenuisse
1062 788 1102 824 in
1133 791 1313 841 Epicurea
1335 792 1492 833 familia.
1525 794 1633 847 quod

880 839 981 880 infra
1001 841 1242 895 perspicuum
1272 850 1313 888 fit
1338 864 1382 889 ex
1407 853 1453 889 iis
1475 853 1632 892 verbis:

881 897 1084 946 Honorem,
1105 901 1281 953 officium,
1315 918 1385 947 etc.

938 969 1044 1009 Mihi
1065 974 1192 1012 omniu
1213 974 1322 1027 litut]
1384 981 1522 1018 Vtrum
1552 980 1631 1022 hoc

881 1024 930 1064 ad
954 1028 1172 1077 amicitiam,
1195 1045 1243 1070 an
1275 1032 1322 1072 ad
1355 1045 1487 1075 mutua
1514 1041 1633 1090 perti-

881 1094 946 1123 net
966 1083 1117 1124 officia?
1146 1087 1192 1125 ad
1220 1092 1439 1141 amicitiam,
1475 1096 1631 1147 opinor.

882 1153 969 1178 nam
995 1140 1118 1181 officia
1148 1148 1276 1197 potuit
1304 1148 1459 1200 quidem
1488 1153 1628 1191 Cicero

883 1197 923 1234 in
945 1199 1162 1248 Patronem,
1191 1214 1228 1241 et
1248 1202 1426 1255 plurima,
1457 1219 1494 1247 et
1511 1212 1630 1248 maxi-

882 1267 943 1292 ma
972 1255 1168 1298 conferre:
1217 1259 1282 1299 ille
1312 1263 1353 1300 in
1385 1266 1630 1315 Ciceronem,

883 1311 1091 1352 Graeculus
1137 1315 1271 1365 homo,
1320 1319 1434 1360 nullis
1472 1324 1630 1375 opibuS,

881 1367 986 1407 nulla
1004 1372 1244 1421 auctoritate,
1273 1388 1372 1428 quae
1400 1382 1551 1431 potuit?
1575 1390 1632 1419 at·

883 1437 959 1478 que
981 1428 1093 1467 etiam
1114 1429 1168 1477 id,
1195 1432 1302 1483 quod
1323 1432 1515 1487 sequitur:
1553 1436 1636 1487 nili

882 1481 987 1538 quod
1001 1485 1042 1523 in
1061 1485 1296 1540 phibgsbpbm
1319 1491 1559 1545 vehementer
1579 1492 1631 1533 ab

878 1552 918 1578 eo
948 1537 1143 1596 dlffi·ttth··
1192 1548 1385 1597 pertinere
1421 1551 1538 1598 magis
1578 1550 1629 1589 ad

877 1598 1083 1636 amicitiam
1103 1598 1267 1642 videtur.
1313 1603 1418 1643 idem
1447 1605 1629 1657 intelligi·

878 1663 941 1692 tur
962 1652 1138 1694 subieffis
1158 1658 1352 1711 exemplis.
1375 1674 1461 1700 nam
1482 1661 1549 1703 lib.
1568 1677 1628 1718 15.

877 1711 981 1762 epist.
996 1722 1053 1750 10.
1114 1714 1157 1752 Si
1173 1715 1265 1754 mihi
1282 1727 1407 1757 tecum
1429 1722 1556 1759 minus
1574 1722 1631 1772 est

863 1767 953 1816 fit,
988 1781 1104 1822 quam
1135 1770 1188 1824 est
1221 1785 1307 1812 cum
1334 1776 1419 1814 tuis·
1441 1778 1628 1825 omnibus,

879 1823 1090 1876 allegarem
1109 1825 1167 1866 ad
1181 1838 1220 1867 te
1241 1830 1342 1877 illos,
1362 1846 1386 1869 a
1405 1832 1541 1887 quibus
1567 1837 1632 1873 in-

878 1879 1025 1934 telllgis
1045 1896 1101 1920 me
1120 1887 1324 1937 praecipue
1343 1887 1467 1943 dilfigi.
1495 1892 1538 1929 Et
1558 1889 1627 1931 lib.

883 1945 941 1977 12.
962 1937 1010 1976 ad
1031 1940 1143 1978 Λαὶς.
1175 1943 1278 1994 epist.
1305 1953 1377 1995 17.‘
1401 1945 1514 1985 Mihi
1531 1959 1627 1988 ante

877 1991 1122 2035 aedilitatem
1157 2010 1278 2037 meam
1299 2000 1509 2052 nihilerat
1538 2010 1628 2044 cum

878 2049 1092 2103 Cornficim.
1143 2054 1227 2093 Lib.
1264 2065 1329 2109 14.
1365 2056 1413 2096 ad
1459 2059 1628 2101 eundem

876 2107 978 2159 epist.
994 2117 1060 2156 15.
1090 2108 1215 2150 Bruto
1235 2125 1313 2152 meo
1331 2115 1439 2153 nullo
1461 2116 1541 2156 loco
1560 2116 1626 2157 de-

874 2177 940 2202 ero
949 2178 964 2201 .·
993 2162 1118 2219 idque,
1150 2171 1267 2207 etiam
1289 2169 1417 2209 imr'hi
1442 2185 1525 2211 cnm
1554 2174 1627 2214 illo

875 2217 1128 2273 nihilfuqffi’t,
1151 2222 1327 2274 facerem
1344 2231 1347 2234 “
1354 2239 1512 2279 propter
1541 2244 1624 2270 esur

861 2274 1110 2331 singularem
1135 2280 1472 2339 incredibile‘mque
1495 2289 1624 2325 virtu·

875 2345 963 2371 tem.
991 2334 1075 2373 Lib.
1115 2365 1125 2376 .
1145 2338 1187 2375 in
1216 2341 1324 2377 Verr.
1355 2353 1384 2377 c.
1403 2352 1466 2392 52.
1516 2344 1620 2392 Non,

873 2399 917 2427 vt
936 2403 1093 2444 quasque
1111 2407 1279 2434 maxmte
1297 2395 1358 2449 est,
1379 2402 1527 2451 quicum
1546 2399 1622 2451 (lb-i
1670 2411 1676 2416 “

873 2445 1028 2498 aliquid
1049 2448 1137 2499 sit,
1172 2452 1230 2489 ita
1257 2455 1319 2490 tm'
1364 2454 1623 2496 huiuscemodi

871 2503 1046 2542 criminis
1065 2508 1235 2546 maxime
1260 2522 1345 2548 eum
1358 2510 1508 2561 pudet?
1600 2553 1602 2555 ,

927 2571 1132 2629 Dtffentio]
1151 2578 1233 2617 Lib.
1247 2589 1285 2629 9.
1301 2579 1405 2631 epist.
1419 2595 1438 2623 2
1448 2578 1482 2634 ς’.
1494 2582 1626 2641 JQod

869 2628 911 2667 in
949 2629 1007 2668 his
1043 2636 1325 2685 controuersiis,
1369 2652 1466 2693 quar
1503 2640 1621 2680 haheo

869 2699 955 2724 cum
985 2688 1065 2735 tuis
1101 2689 1380 2732 combibonibus
1409 2696 1619 2748 Epicureis,

869 2744 1012 2794 optima
1030 2756 1144 2797 opera
1164 2749 1248 2786 eius
1270 2750 1330 2790 vti
1340 2750 1457 2799 Jbleo.
1515 2754 1623 2791 Sum-

868 2812 975 2838 mum
995 2799 1143 2842 bonum
1173 2804 1359 2856 Epicurtu
1381 2808 1421 2846 in
1444 2806 1620 2861 volupta-

869 2864 919 2906 te,
955 2857 1184 2911 Academici,
1195 2872 1374 2916 ,quorum
1397 2862 1623 2908 sententiam

926 2913 960 2950 D
974 2912 1031 2952 dd
1060 2926 1086 2958 2
1480 2924 1620 2965 (icero
