1881 3173
560 99 628 138 IN
665 100 781 140 CIC.
823 102 1016 144 EPIST.
1044 104 1179 144 ΕΔΜ.

154 206 403 262 deponendae
434 207 506 248 tibi
534 206 619 249 sunt
646 214 836 254 vrbanita-

150 275 204 304 tes
576 269 634 313 ¹6,
656 281 723 317 21,
749 278 831 324 498

94 322 300 374 Deprecari
332 323 381 362 ab
418 321 551 374 aliquo
587 325 768 366 iniuriam
797 337 835 376 8,

671 395 727 431 12,
752 396 833 437 :327

94 435 393 487 Deprecatorem
415 449 477 474 me
507 449 579 489 pro
609 436 712 478 illius
738 444 837 494 peri·

151 490 236 530 culo
264 493 431 545 praebeo
627 509 668 543 2,
696 509 758 550 13,
777 510 832 551 43

91 561 232 614 Depsst,
250 563 497 615 impudenter.
599 578 639 619 9,
659 581 726 612 22.
751 571 834 611 266

91 617 329 658 Descendere
368 621 414 658 ad
465 629 630 661 extrema
681 635 745 671 10,
767 637 833 678 33,

152 687 247 728 313.
271 675 529 717 descendimus
551 681 595 717 ad
618 683 832 734 paftionem

153 740 191 780 8,
221 745 389 784 =1,225.
438 733 659 777 descendere
688 738 733 776 ad
762 753 830 778 no-

148 789 292 828 viffima
321 789 461 831 auxilia
497 804 558 839 11,
581 805 614 841 1,
639 807 732 848 3⁸7.
770 795 831 835 de-

146 845 322 887 scendere
361 848 582 889 alterutram
615 851 662 889 ad
703 854 833 892 eondi-

148 904 294 942 tionem
624 915 661 956 8,
688 915 725 957 3,
747 921 830 951 220

88 972 300 1014 Desciseere
331 991 352 1014 a
382 977 534 1030 pristina
572 978 690 1017 eauss'a
723 991 757 1027 1,
789 993 829 1033 9,

146 1043 213 1072 22.
243 1033 290 1071 ab
322 1036 478 1072 excitata
503 1034 658 1074 fortuna
689 1036 735 1075 ad
769 1040 827 1076 in-

147 1087 325 1129 clinatam
354 1100 391 1129 et
419 1104 539 1144 paene
573 1094 758 1132 iacentem
789 1108 830 1139 2,

687 1153 752 1197 16,
772 1153 829 1201 46

86 1200 264 1242 Desertus
283 1203 330 1241 ab
351 1203 485 1242 officiis
509 1207 582 1244 tuis
643 1219 680 1259 5,
693 1220 732 1253 2,
750 1212 824 1254 108

87 1257 306 1298 Defiderare
352 1262 522 1300 animum
567 1260 724 1301 alicuius
782 1277 827 1302 ex

143 1316 223 1354 eius
245 1315 352 1355 libris
593 1332 633 1372 7,
653 1327 720 1368 28,
745 1332 824 1373 199

84 1387 321 1426 Defiderium
346 1403 475 1428 rerum
495 1391 762 1430 eariffimarum
783 1405 824 1438 2,

142 1455 204 1492 12,
227 1457 295 1498 42.
347 1445 570 1486 desiderium
603 1459 690 1487 tuae
717 1462 823 1502 prae-

141 1500 283 1541 sentiae
301 1517 388 1545 meo
407 1502 539 1544 labore
557 1507 752 1545 minuetur
783 1518 820 1559 5,

678 1571 715 1611 8,
747 1574 820 1617 ¹¹5

83 1614 261 1653 Definerc
287 1623 407 1655 artem
614 1631 656 1673 7,
680 1632 717 1666 Ι,
743 1630 820 1672 172

83 1671 260 1723 Defipere
281 1674 401 1713 nimio
427 1674 566 1724 gaudio
647 1690 688 1725 2,
707 1687 747 1728 9,
768 1688 819 1728 39

84 1728 264 1766 Defistere
289 1731 335 1769 ab
355 1730 421 1770 illa
442 1746 569 1772 mente
630 1746 668 1786 5,
683 1747 722 1782 2,
739 1745 819 1785 107

28 1797 36 1801 ·
83 1783 341 1836 Desperarunt
369 1802 439 1827 nos
472 1800 509 1829 et
544 1791 818 1843 rempublicam

140 1841 281 1882 Rhodii
305 1855 369 1893 12,
395 1859 456 1898 14,
480 1854 573 1900 358.
620 1847 822 1901 desperatis

136 1899 250 1938 rebus
594 1918 632 1957 5,
651 1918 720 1953 21,
743 1916 823 1958 137

82 1968 350 2024 Despondetur
362 1972 441 2027 spes
462 1977 695 2030 reipublicae
719 1991 821 2016 anno

141 2026 354 2068 consulatus
376 2034 432 2070 tui
597 2048 656 2081 12,
679 2047 718 2087 9,
737 2047 821 2087 252

82 2085 298 2125 Destinaras
330 2089 400 2127 tibi
429 2093 747 2145 trapezophorum
780 2103 822 2144 7,

142 2153 210 2193 23,
237 2153 337 2195 194²
354 2159 432 2184 non
453 2149 503 2186 est
521 2148 581 2186 hic
603 2163 722 2187 annus
751 2150 821 2186 tibi

140 2197 342 2239 destinatus
567 2217 632 2254 10,
657 2219 721 2259 25,
743 2218 822 2258 302

81 2256 257 2295 Destituit
292 2273 352 2296 me
394 2259 537 2300 nudum
579 2276 618 2316 9,
637 2276 703 2305 22.
729 2266 822 2315 264·

137 2325 299 2365 querens
336 2314 373 2354 se
418 2316 633 2359 destitutum
667 2332 731 2367 122,
757 2332 822 2366 21,

737 2388 819 2429 295

85 2423 242 2475 Definn.
284 2430 376 2467 Non
398 2430 592 2471 defueram
622 2435 701 2473 eius
721 2437 822 2488 peri-

138 2481 230 2522 culis
259 2489 299 2532 6,
332 2498 394 2533 1¹,
420 2496 510 2541 158.
562 2489 683 2530 deess'e
724 2493 819 2531 mihi

137 2539 260 2589 nolui,
279 2545 370 2596 quin
401 2556 437 2585 te
472 2546 733 2595 admonerem,
762 2560 818 2596 vt,

135 2608 206 2636 etc.
608 2618 646 2657 5,
660 2617 676 2646 1
687 2619 724 2653 2,
740 2618 756 2646 1
773 2620 818 2659 19

81 2656 268 2694 Deterreo
296 2666 330 2694 te
344 2671 364 2695 a
385 2660 630 2701 dimicatione
654 2674 739 2716 1,7,
754 2675 817 2703 11.

138 2710 331 2752 deterrere
350 2715 515 2769 aliquem
540 2721 587 2758 ab
614 2721 754 2760 iniuria
781 2734 818 2773 5,

133 2781 174 2818 2,
200 2773 290 2813 106.
332 2773 522 2816 deterrere
556 2791 616 2817 me
647 2778 695 2818 de
723 2780 818 2820 statu

892 258 895 261 ,
948 231 1034 256 meo
1063 216 1177 257 nullis
1209 218 1449 260 contumeliis
1480 223 1632 276 possunt

952 285 1017 321 11,
1047 287 1107 322 11,
1128 278 1220 328 326.
1275 276 1499 318 Decem-itm
1527 296 1631 322 vere·

947 330 1101 371 cundia.
1130 335 1213 370 Hoc
1235 345 1305 381 ego
1322 336 1531 383 negotium,
1549 353 1628 378 non

947 388 1102 427 stultitia
1122 390 1354 438 obcaecatus,
1368 390 1427 429 sed
1448 406 1629 435 verecun-

949 445 1008 484 dia
1026 444 1240 495 deterritus,
1274 461 1352 486 non
1373 448 1542 488 recusaui
1563 462 1630 506 ις,

1486 519 1523 554 1,
1542 520 1624 561 451

889 558 1096 600 Detrahere
1125 559 1171 598 de
1203 560 1360 600 alicuius
1389 561 1487 602 fama
1529 578 1565 618 3,
1589 573 1627 615 8,

944 617 1011 657 66.
1038 617 1167 669 liquid
1189 618 1290 658 deiis
1307 620 1534 673 rebus,quas
1557 625 1629 663 tibi

944 670 1096 711 fortuna
1121 673 1251 724 largita
1275 677 1336 723 est,
1349 678 1627 720 nonnullorum

942 728 1142 769 hominum
1165 733 1320 784 perfidia
1343 733 1558 784 detraxerit,
1586 736 1626 776 id

942 788 1080 825 maiori
1112 787 1187 827 illis
1226 789 1374 838 fraudi,
1410 805 1523 844 quam
1552 796 1623 834 tibi

890 852 895 857 '
940 841 1113 883 futurum
1139 847 1187 884 est
1212 857 1245 894 1,
1271 859 1307 899 5,
1328 858 1367 900 7.
1409 848 1627 894 detrahatur

942 902 1165 941 tantundem
1196 902 1242 942 de
1267 908 1341 942 mei
1364 905 1495 945 iudicii
1525 907 1625 949 fama

941 960 981 1003 6,
1005 964 1069 1006 13,
1095 962 1187 1013 165.
1239 962 1426 1002 detrae‘tns
1454 967 1505 1003 est
1530 967 1625 1009 mihi

940 1012 1051 1054 labor
1100 1020 1211 1055 vnius
1263 1020 1394 1057 mensis
1437 1033 1472 1073 3,
1494 1025 1532 1069 6,
1557 1023 1623 1064 60‘.

939 1070 1148 1113 detraetum
1177 1072 1321 1128 aliquid
1348 1076 1394 1115 de
1422 1085 1552 1118 amore
1586 1093 1624 1134 3,

1481 1147 1543 1183 1²,
1565 1145 1620 1190 78

885 1198 1176 1239 Detrimentum
1227 1203 1405 1254 accipere.
1494 1209 1624 1256 Qlan-

942 1265 1022 1294 tum
1063 1256 1280 1296 detrimenti
1319 1261 1532 1313 respublica
1566 1280 1626 1307 ac-

938 1314 1091 1367 ceperit,
1113 1329 1192 1353 non
1214 1325 1249 1354 te
1273 1321 1455 1369 praeterit
1488 1331 1553 1369 11,
1578 1336 1622 1376 9,

1540 1391 1621 1435 3²3

879 1440 1130 1481 Detruserunt
1153 1456 1214 1481 me
1243 1442 1290 1483 de
1319 1460 1402 1485 mea
1436 1447 1621 1498 sententia

936 1511 1001 1551 14,
1018 1501 1074 1545 16,
1098 1510 1193 1553 447.
1223 1500 1414 1543 detrusum
1435 1506 1523 1546 effet
1542 1508 1620 1549 bel-

937 1554 1016 1594 lum
1047 1558 1094 1595 jn
1126 1556 1412 1600 aduerfiffimam
1445 1566 1618 1608 Antonio

937 1622 974 1652 et
995 1613 1140 1665 Lepido
1164 1614 1396 1668 Hispaniam,
1424 1621 1448 1658 fi
1481 1623 1620 1665 Caesar

932 1670 1064 1708 iunior
1080 1669 1118 1708 se
1139 1684 1224 1710 eum
1243 1672 1379 1715 Planco
1405 1679 1620 1720 coniunxis-

934 1725 986 1765 set
1373 1745 1436 1780 10,
1454 1748 1521 1788 24,
1537 1749 1615 1790 301

879 1799 1110 1839 Deturbatus
1129 1800 1180 1838 est
1199 1813 1278 1839 non
1304 1800 1367 1855 spe
1389 1803 1523 1854 solum,
1550 1807 1616 1859 sed

936 1866 1035 1894 certa
1060 1869 1101 1894 re
1126 1868 1188 1903 12,
1204 1870 1274 1910 25,
1303 1871 1396 1913 373.
1427 1862 1619 1906 deturbati

939 1926 983 1951 ex
1002 1926 1136 1962 magna
1155 1912 1217 1966 spe
1233 1916 1355 1955 iacent
1414 1931 1452 1972 5,
1469 1932 1510 1973 7,
1535 1934 1553 1963 1
1566 1934 1616 1966 12

879 1972 1113 2009 Deuenimus
1131 1970 1172 2008 in
1197 1985 1277 2010 eam
1297 1972 1490 2017 fortunam
1517 1991 1555 2032 4,
1577 1993 1616 2032 5,

877 2085 1105 2123 Deuinxeris
1140 2084 1211 2123 tibi
1238 2086 1411 2128 homines
1437 2044 1618 2133 honestgig

929 2141 1038 2179 fimos
1059 2142 1100 2179 in
1121 2153 1345 2194 perpetuum
1376 2145 1521 2189 summo
1553 2151 1616 2190 be·

933 2199 1070 2236 neficio
1109 2209 1174 2250 13,
1194 2211 1235 2253 7,
1260 2207 1350 2254 387.
1417 2204 1616 2264 deuine'tuu

933 2257 1078 2304 magnis
1107 2257 1201 2294 meis
1231 2257 1421 2298 beneficiis
1456 2274 1521 2316 13,
1545 2275 1617 2318 27„

936 2324 1032 2364 403.
1071 2311 1268 2352 deuindhns
1292 2315 1424 2357 officiis
1455 2320 1614 2362 alicuius

940 2379 976 2416 1,
997 2380 1036 2421 9,
1058 2382 1125 2423 23.
1184 2370 1380 2412 deuinCtus
1417 2377 1545 2418 studiis
1580 2391 1617 2432 3,

935 2437 1000 2478 13,
1017 2437 1074 2478 79
1115 2425 1312 2468 deuinffitus
1330 2441 1393 2470 tua
1413 2438 1615 2486 praestanti

929 2483 969 2520 in
992 2497 1078 2521 eum
1103 2481 1330 2526 liberalitate
1450 2503 1483 2539 1,
1499 2505 1541 2546 7,
1564 2506 1617 2535 10

878 2553 998 2593 Deus.
1027 2556 1090 2593 Dii
1110 2557 1335 2608 approbent,
1364 2564 1469 2614 quod
1488 2567 1614 2606 aetum

934 2612 984 2649 est
1001 2624 1040 2657 2,
1067 2623 1128 2665 15,
1149 2626 1217 2665 44.
1266 2616 1356 2655 Diis
1369 2621 1614 2672 approbanti-

935 2667 1015 2708 bus.
1072 2671 1118 2707 ln
1157 2682 1192 2709 te
1214 2682 1249 2710 et
1270 2675 1309 2710 in
1330 2673 1469 2726 collega
1487 2684 1614 2720 omnis

933 2723 1014 2777 spes
1034 2727 1097 2770 ests
1121 2729 1191 2765 diis
1217 2733 1517 2783 approbantibus
1551 2751 1614 2786 10,

932 2793 998 2830 22,
1018 2787 1113 2835 296.
1143 2785 1213 2823 diis
1233 2788 1530 2846 hominibusque
1550 2809 1613 2849 ap-

876 2840 906 2878 Y
918 2852 964 2885 yy
997 2853 1016 2894 5
1451 2853 1615 2903 proban·
