1881 3173
536 144 605 188 ιΝ
639 147 758 189 cie.
794 123 986 188 ενιέτ.
1013 146 1151 188 FAM.

58 254 239 305 Polybius
263 255 403 313 scripiit
431 258 574 302 bellum
597 261 803 301 Numanti·

115 330 204 356 num
226 315 425 369 separatim
590 328 629 371 ς,
643 328 708 365 12,
729 326 802 371 ¹19

58 385 223 440 Polypus
261 386 431 428 Miniani
457 390 560 428 louis
590 386 720 428 fimilis
759 399 801 441 9,

626 447 692 492 16,
717 452 799 498 258

58 512 199 564 Pompa
225 509 405 552 Ιίἅὶοτυιιι
593 526 634 561 2,
658 519 724 564 16,
744 516 802 569 46

57 582 333 636 Pompeianum
587 597 631 640 7,
652 599 692 639 4,
718 596 800 640 177

57 655 260 706 Pompeius
281 653 376 695 solet
393 653 497 696 aliud
517 655 658 697 sentire
679 667 717 696 et
746 655 802 696 lo-

113 713 203 764 qui:
233 725 359 764 neque
377 724 502 753 tamen
523 725 669 754 tantum
700 712 801 752 vale-

113 781 156 808 re
197 771 366 818 ingenio,
407 779 448 810 vt
488 785 567 810 non
606 779 799 824 appareat,

113 823 207 877 quid
230 827 356 879 cupiat
383 833 420 875 8,
446 837 481 874 1,
505 831 600 870 206.
658 830 699 866 in
720 832 800 866 Sar·

114 881 256 920 diniam
276 894 312 921 et
333 882 495 922 Africam
519 883 712 938 profeehts
732 886 796 930 est,

115 951 240 992 eoque
258 941 397 978 itincre
424 945 562 980 Lucam
591 940 639 980 ad
665 940 799 982 Caesa·

113 1008 194 1035 rem
219 999 323 1035 venit
346 1008 382 1044 1,
403 1009 444 1050 9,
469 1009 532 1051 17.
564 1009 606 1038 vt
625 996 796 1037 laudaret

114 1054 152 1091 P.
187 1054 355 1092 Sextium
404 1057 554 1094 introiit
594 1057 633 1094 in
664 1057 800 1095 vrbem

113 1108 207 1150 ibid.
236 1109 378 1149 stimma
402 1109 582 1151 facilitate
612 1122 650 1152 et
670 1113 800 1151 huma-

114 1168 234 1205 nitate
265 1167 350 1206 tulit
382 1170 667 1208 contentionem
693 1171 800 1208 Cice·

114 1226 221 1263 tonis
271 1237 341 1277 pro
387 1225 537 1264 Milone
586 1235 623 1276 3,
648 1236 710 1270 10,
727 1236 797 1278 74.

114 1282 316 1334 Pompeius
349 1294 432 1319 cum
456 1295 528 1335 pro
563 1281 711 1321 Milone
743 1284 798 1319 di-

113 1349 241 1382 ceret,
271 1337 435 1376 clamore
463 1339 718 1390 conuicioqne
747 1340 800 1376 ia-

114 1395 236 1434 &atus
267 1396 319 1433 est
356 1405 392 1440 1,
412 1406 449 1446 5,
471 1406 511 1441 7.
572 1397 799 1434 Ciceronem

113 1449 283 1497 confilio,
317 1453 566 1497 auctoritate,
595 1454 709 1491 armis
738 1450 800 1490 de·

113 1509 231 1560 nique
254 1510 346 1547 texit
368 1507 441 1546 suis
465 1521 500 1562 3,
524 1518 588 1555 10,
607 1517 676 1561 74.
715 1523 800 1547 cum

101 1565 215 1618 'apud
230 1566 456 1603 Ciceronem
483 1564 591 1610 effer,
620 1565 741 1604 hilare
763 1577 800 1604 ct

115 1620 280 1661 libenter
302 1624 418 1674 cupiit
448 1621 581 1660 audire
604 1623 683 1660 eius
715 1622 800 1661 scri-

115 1689 180 1732 pta
206 1679 271 1725 16,
295 1688 359 1724 10,
372 1685 468 1731 487.
500 1680 594 1717 ciuis
615 1682 802 1728 egregius,

117 1746 154 1775 et
190 1735 236 1772 ad
265 1737 407 1781 omnia,
427 1749 524 1787 quae
561 1734 800 1788 prouidenda

116 1791 259 1831 suntin
286 1791 501 1844 republica,
530 1803 566 1830 et
602 1794 732 1830 animo
764 1802 802 1831 et

116 1849 271 1888 confilio
285 1861 437 1901 paratus
447 1861 488 1896 2,
503 1855 538 1896 8.,
553 1855 615 1899 38.
629 1851 802 1888 omnium

117 1904 352 1945 saeculorum
374 1917 410 1944 et
430 1907 598 1954 gentium
625 1907 800 1959 princeps

68 1986 74 1992 ·
120 1975 158 2016 3,
182 1973 243 2007 11,
271 1965 339 2015 76.
400 1963 632 2002 abhorrebat
659 1977 680 2001 a
709 1976 799 2016 pace

117 2030 160 2074 7,
203 2032 238 2073 3,
278 2030 369 2072 157.
425 2021 611 2058 animatus
650 2019 799 2067 melius,

120 2090 233 2130 quam
255 2086 419 2129 paratus,
428 2074 573 2116 bellum
593 2074 705 2116 ciuile
726 2075 800 2115 sus-

119 2136 216 2186 cepit
261 2135 300 2179 6,
330 2135 370 2180 6,
404 2143 496 2186 150.
543 2144 674 2186 aperte
719 2147 800 2172 non

118 2190 202 2230 vult
224 2188 417 2229 Caesarem
445 2191 680 2244 prouinciam
699 2200 801 2229 tene-

119 2260 162 2287 re
197 2261 283 2287 cum
318 2250 508 2294 exercitu,
541 2256 577 2286 et
611 2245 802 2286 consulem

119 2301 194 2344 effe
226 2311 263 2353 8,
285 2315 324 2355 9,
344 2315 440 2359 223.
492 2302 575 2343 sero
604 2303 802 2342 Caesarem

119 2363 248 2415 coepit
265 2362 399 2400 timere
424 2362 567 2407 16,11‚
587 2367 684 2414 488.
713 2374 802 2399 con-

120 2419 241 2459 stituit
282 2431 360 2455 non
399 2419 476 2470 pati
515 2419 559 2457 C.
602 2415 802 2456 Caesarem

120 2473 313 2514 consulem
344 2472 453 2512 aliter
479 2475 581 2523 fleri,
604 2475 672 2513 nisi
700 2487 804 2513 exer-

123 2533 240 2571 citum
283 2540 320 2570 et
350 2532 570 2583 prouincias
603 2530 802 2570 tradiderit

68 2605 96 2639 ¹2·
126 2594 164 2637 g,
189 2599 368 2641 14‚230.
431 2587 587 2626 honeste
632 2587 800 2638 effugere

120 2659 202 2684 non
228 2645 359 2697 potest,
381 2642 506 2697 pulsus
525 2642 646 2692 Italia,
667 2644 802 2684 amiffis

120 2700 335 2754 HispaniiS,
363 2700 666 2741 circumuallatus
699 2713 741 2754 9,
764 2712 802 2754 9,

120 2770 221 2812 245.
261 2759 411 2809 ineptus
437 2768 474 2796 et
502 2771 626 2806 nugax
663 2765 702 2806 3,
738 2768 804 2809 15,

122 2827 221 2868 232·
249 2813 413 2868 quadam
432 2826 477 2854 ex
498 2816 660 2855 viatoria
680 2816 806 2868 coepit

916 256 991 300 suis
1022 257 1213 299 militibus
1256 260 1448 301 confidere
1490 275 1531 316 7,
1564 274 1601 317 3,

918 327 1012 370 157.
1035 329 1077 356 re
1100 317 1229 365 dubia,
1240 328 1276 356 et
1294 331 1381 357 ante
1396 322 1596 361 victoriam

913 372 1084 414 Caesaris
1104 384 1297 414 certorum
1316 376 1516 415 hominnm
1530 379 1599 417 mi·

914 432 1019 470 nime
1053 430 1300 484 prudentium
1334 432 1489 472 consilio
1521 447 1600 474 vte-

912 487 1026 528 batur
1047 500 1084 539 4.
1109 498 1149 540 9,
1169 499 1236 540 95.
1283 489 1382 538 Signa
1414 492 1538 529 tirone
1560 502 1599 531 et

912 542 1119 583 collectitio
1139 546 1307 586 exercitu
1334 560 1420 585 cum
1441 545 1601 597 legioni·

911 602 983 641 bus
1013 601 1272 641 robustissimis
1305 601 1467 642 contulit
1508 621 1535 651 ς,
1561 617 1599 657 3,

915 667 1008 709 157.
1068 656 1195 695 nullus
1244 660 1454 712 imperator
1501 661 1595 701 ibid.

913 726 981 752 nec
1002 726 1129 752 rerum
1149 716 1333 763 gestarum
1356 716 1498 765 gloria,
1528 731 1598 757 nec

912 783 1068 819 regum,
1093 781 1159 809 aut
1193 775 1390 812 nationum
1413 772 1596 813 clientelis

914 837 1016 865 tutus
1040 826 1091 865 est
1116 840 1155 880 9,
1178 841 1217 880 9,
1240 841 1337 882 245.
1379 831 1498 870 victus
1521 842 1598 871 tur-

912 884 1053 936 pttiime
1084 886 1218 923 aminis
1245 891 1357 925 etiam
1389 888 1512 926 castris
1542 887 1599 927 so·

910 942 969 979 lus
1000 939 1100 990 fugit
1119 951 1161 993 7,
1184 954 1219 993 3,
1244 953 1336 996 157.
1382 946 1596 997 Pompeius,

908 998 1099 1046 Lentu.Ui
1130 1000 1267 1051 Scipio,
1286 999 1462 1039 Afranius
1483 1001 1596 1041 focae

910 1056 1122 1108 perierunt,
1148 1066 1184 1093 at
1206 1058 1302 1095 Cato
1333 1056 1524 1109 praeclare
1553 1071 1596 1112 9,

914 1115 1087 1159 18,260.
1119 1113 1290 1165 Pompeii
1310 1112 1492 1153 secundus
1510 1129 1596 1154 con·

911 1167 1053 1206 sulatus
1093 1171 1303 1217 exagitatur
1347 1178 1382 1218 8,
1408 1180 1472 1216 11,
1498 1176 1596 1214 226-

913 1224 1084 1275 Pompeii
1109 1226 1265 1264 tarditas
1296 1236 1332 1265 et
1362 1230 1595 1268 taciturnitas

915 1288 953 1326 1,
976 1291 1014 1331 5,
1038 1287 1073 1328 8.
1130 1296 1261 1321 omnes
1296 1285 1397 1322 vires
1428 1287 1594 1324 ciuitatis

912 1335 948 1375 se
976 1336 1023 1374 ad
1056 1339 1223 1391 Pompeii
1249 1340 1403 1379 duam„
1432 1343 1597 1394 applica-

913 1404 1053 1432 verunt
1086 1408 1121 1447 3,
1148 1408 1208 1436 11.
1227 1399 1296 1448 76.
1361 1400 1532 1451 Pompeii
1558 1408 1596 1438 et

914 1450 1082 1489 Caesaris
1128 1465 1277 1491 amores
1321 1463 1358 1492 et
1405 1455 1596 1494 inuidiosa

913 1510 1135 1547 coniuneh'o
1155 1522 1233 1548 non
1252 1509 1298 1548 ad
1318 1508 1501 1550 occultam
1538 1527 1596 1551 re·

913 1563 1011 1602 cedit
1033 1567 1362 1614 obtrectationem,
1372 1567 1432 1607 sed
1451 1568 1498 1607 ad
1520 1569 1597 1609 bel-

913 1618 993 1658 lum
1021 1623 1187 1674 erumpit
1219 1630 1255 1670 8,
1280 1635 1344 1676 14,
1365 1636 1461 1676 230.
1518 1626 1594 1666 Cn.

913 1678 1085 1731 Pompeii
1115 1681 1252 1731 copias,
1284 1694 1320 1718 et
1350 1694 1467 1729 genus
1491 1696 1597 1722 exer·

914 1735 1008 1772 citus
1032 1748 1110 1774 non
1141 1738 1327 1788 probabat
1361 1739 1402 1776 M
1434 1738 1593 1778 Marcel·

914 1787 996 1837 lus,
1030 1791 1250 1845 semperque
1285 1793 1429 1833 summe
1450 1794 1594 1835 diffide-

915 1847 979 1886 bat
996 1861 1036 1900 4,
1055 1859 1092 1901 7⁴
1113 1861 1179 1901 92.
1218 1853 1397 1903 Pompeio
1419 1851 1591 1892 satisfieri

885 1903 1022 1960 >nullo
1058 1907 1175 1944 modo
1207 1910 1326 1959 potest
1355 1922 1375 1946 a
1405 1911 1594 1949 Cicerone

876 1963 953 2009 ⁹2,
976 1963 1041 2008 16,
1059 1965 1128 2015 46.
1157 1965 1379 2016 Pompeium
1410 1979 1529 2005 vnum
1550 1980 1597 2007 ex

910 2019 1090 2057 omnibus
1124 2018 1234 2067 facio,
1260 2030 1301 2059 vt
1321 2022 1454 2067 debeo,
1475 2021 1595 2075 pluri-

911 2076 966 2114 mi
987 2085 1024 2124 3.
1048 2085 1113 2121 10,
1134 2087 1204 2128 74.
1259 2078 1499 2131 Pompeium,
1530 2082 1594 2119 Se-

911 2141 1057 2178 natum,
1077 2135 1220 2185 quique
1241 2148 1300 2172 res
1322 2136 1504 2183 iudicant,
1538 2136 1593 2176 se-

912 2201 997 2227 cum
1029 2190 1266 2228 habiturum:
1317 2191 1363 2230 ad
1394 2192 1595 2234 Caesarem

913 2259 1066 2289 munes,
1105 2249 1172 2299 qui
1218 2261 1303 2286 cum
1346 2250 1497 2295 timore,
1527 2259 1593 2290 aut

910 2301 1007 2342 mala
1042 2301 1105 2355 spe
1131 2306 1276 2346 vitiant,
1309 2305 1515 2344 accessuros
1547 2314 1587 2356 8,

913 2370 977 2412 14,
1001 2370 1097 2411 231.
1139 2362 1320 2413 Pompeio
1344 2365 1492 2401 viatore
1511 2377 1594 2401 cru.

911 2415 1006 2455 delis
1024 2414 1149 2454 fuisset
1171 2419 1330 2456 vit-<toria
1424 2431 1466 2472 4,
1481 2431 1521 2471 9,
1536 2431 1590 2472 95

858 2474 1087 2525 Pompeiana
1118 2485 1154 2510 et
1194 2475 1423 2522 C‘.‹1el}uimzu
1460 2474 1594 2528 mussa.

912 2531 1016 2568 Inter
1043 2528 1179 2568 caussas
1208 2545 1401 2570 armorum
1422 2532 1596 2593 pultum

913 2587 1115 2629 inter-erat,
1163 2589 1263 2626 inter
1304 2590 1481 2627 victorias
1512 2603 1593 2629 non

913 2641 1076 2685 multum
1097 2655 1175 2682 crat
1203 2645 1471 2686 interfuturum
1490 2648 1528 2687 6.
1551 2659 1592 2693 4,

920 2711 1011 2753 144.
1048 2702 1268 2752 Pompeiani
1297 2703 1498 2754 cupiebant
1517 2702 1594 2742 bel-

917 2754 1008 2799 lum,
1037 2756 1176 2796 Cacsar
1205 2772 1283 2795 non
1311 2771 1382 2796 tatu
1403 2760 1593 2811 cupiebat.

918 2823 1033 2865 quain
1060 2827 1140 2852 non
1178 2816 1331 2854 timebat
1367 2828 1406 2867 9,
1428 2819 1467 2862 6,
1498 2827 1593 2866 242.

861 2870 890 2908 B
901 2869 926 2909 b
939 2870 961 2909 b
973 2870 996 2909 b
1465 2873 1594 2909 crude-
