1881 3173
580 102 650 146 IN
676 107 792 147 c1c.
830 105 1026 148 EPIST.
1056 104 1189 146 ΒΑΜ.

351 183 373 202 Q

159 210 368 272 plurimum
396 214 589 257 suauitatis
613 229 650 258 et
683 217 842 268 dignita-

160 278 208 315 tis
228 278 270 314 in
282 276 406 314 vestro
425 277 581 324 ingenio
602 287 640 315 et
658 275 847 316 industria-

586 342 648 385 15,
675 346 736 387 ¹4⁹
755 344 840 387 470

105 401 245 454 Conflo.
283 403 436 442 Constat
469 400 568 443 inter
601 417 734 443 omnes
774 415 840 458 13,

162 470 228 512 55,
249 470 347 512 419.
403 462 570 500 constant
599 460 740 500 summa
778 475 841 501 eo-

157 529 241 554 rum
262 531 298 553 ιη
323 531 381 554 me
402 520 537 558 merita
562 530 723 571 1,9‚19.
751 531 840 557 con·

152 574 244 612 stitit
267 576 337 612 tibi
368 572 511 615 fruStus
544 578 614 615 otii
642 578 699 614 tui
733 585 775 628 7,
801 585 838 624 1,

154 637 247 682 170.
308 632 531 672 constabunt
579 646 663 671 mea
715 632 757 671 in
803 642 839 672 te

156 688 286 725 onmia
307 687 430 727 officia
453 703 530 728 nou
553 687 669 737 secus,
695 703 737 727 ac
757 686 782 728 fi
803 698 839 729 te

154 742 328 782 vidiss'em
363 754 399 798 3,
432 755 469 799 ς,
505 759 569 800 59.
621 761 704 785 mea
735 749 774 785 in
803 758 840 786 te

153 803 283 839 omnia
306 800 446 842 summa
474 804 753 843 neceffitudinis
782 803 842 842 of-

151 858 235 896 ficia
263 861 486 898 constabunt
512 871 548 912 3,
568 874 608 914 4,
633 862 699 914 56.
759 874 839 900 non

154 912 238 953 satis
277 918 369 954 mihi
401 919 629 966 constiterat,
649 931 733 956 eum
775 917 840 957 ali-

155 984 278 1025 quane
310 976 427 1012 animi
463 977 538 1013 mei
570 976 762 1021 molestia,
791 988 840 1013 an

155 1031 282 1083 potius
320 1029 497 1074 libenter,
526 1042 562 1070 te
599 1033 755 1071 Athenis
786 1034 841 1071 vi-

155 1085 263 1125 surus
285 1086 395 1126 ess'em
424 1100 486 1140 13,
513 1098 548 1134 1,
577 1100 669 1141 379.
701 1090 842 1127 consta·

157 1154 199 1182 re
233 1155 333 1182 certa
362 1144 488 1197 aliqua
519 1147 560 1183 in
588 1145 770 1185 sententia
797 1156 840 1198 7,

671 1213 736 1254 17²
760 1208 840 1255 187

98 1264 346 1310 Consuetudo
370 1267 492 1321 longis
514 1269 725 1310 interuallis
746 1283 842 1311 tern-

157 1340 295 1381 porum
326 1329 536 1381 interrupta
569 1340 633 1381 15,
656 1332 838 1382 14..469.

157 1383 392 1424 consuetudo
408 1387 632 1438 quotidiana
648 1399 684 1437 3,
698 1397 764 1433 xc,
776 1398 839 1439 71.

154 1441 427 1480 consuetudine
458 1443 681 1495 quotidiana
705 1454 741 1481 et
762 1443 843 1482 offi-

102 1518 106 1523 -
157 1500 224 1537 ciis
240 1498 243 1499 ⁷
251 1497 462 1552 plurimum
506 1501 731 1538 coniune'tus
776 1512 842 1552 13,

668 1569 735 1609 43²
757 1567 840 1608 413

101 1625 301 1678 Conficlere
328 1624 482 1680 aliquid
501 1625 559 1665 de.
589 1626 757 1666 Obsecro
791 1637 841 1674 te,

158 1697 206 1722 ne
227 1681 318 1735 quid
342 1686 494 1731 grauius
518 1682 565 1722 de
584 1681 700 1723 salute
730 1697 767 1723 et
785 1687 842 1722 in-

159 1738 380 1779 columitate
404 1752 467 1778 tua
507 1739 678 1779 consulas
713 1747 749 1789 8,
777 1744 842 1788 16,

156 1807 252 1850 233.
283 1794 478 1835 consulere
510 1798 760 1850 temporibus,
786 1799 842 1835 in-

159 1855 382 1900 columitati,
402 1855 515 1899 vitae,
538 1854 703 1893 fortunis
737 1868 778 1906 4,
802 1866 844 1907 9,

157 1913 226 1964 96.
257 1910 401 1950 consuli
425 1920 460 1948 te
480 1923 501 1948 a
523 1910 680 1950 Caesare
698 1910 842 1959 scribis,

156 1965 219 2006 sed
244 1981 314 2017 ego
337 1969 408 2007 tibi
429 1968 476 2006 ab
494 1965 564 2005 illo
585 1967 728 2007 consuli
753 1967 844 2006 mal-

153 2022 230 2062 lem
621 2036 741 2077 7,11‚
761 2031 839 2077 183

101 2094 301 2143 Consules,
313 2107 478 2149 quorum
497 2108 612 2135 nemo
636 2093 840 2133 consularis

157 2153 308 2192 habitus
624 2162 688 2199 10,
703 2155 742 2197 6,
755 2159 836 2204 278

100 2210 288 2262 Consulto.
371 2207 502 2248 Visum
520 2206 592 2247 effe
612 2210 839 2261 quibusdam

161 2267 326 2305 edietum
359 2279 486 2304 meum
522 2267 625 2318 quali
663 2264 837 2304 consulto

160 2324 205 2362 ad
227 2324 311 2362 istas
340 2319 549 2372 legationes
578 2322 837 2376 impediendas

137 2379 228 2420 -ess'e
253 2379 578 2418 accommodatum
662 2391 700 2432 3,
728 2385 748 2428 3
784 2382 838 2432 6ς

99 2437 296 2479 Consumo
318 2450 432 2475 omne
463 2446 611 2488 tempus
638 2437 679 2474 in
701 2435 839 2475 litteris

161 2507 200 2548 5,
220 2506 284 2547 15,
299 2495 392 2535 126.
419 2506 572 2532 omnem
588 2506 714 2531 meum
737 2491 842 2532 labo-

160 2564 254 2596 rem,
284 2550 446 2588 studium
479 2550 520 2588 in
555 2558 620 2588 tua
656 2548 773 2589 salute
804 2552 844 2597 6,

160 2617 227 2660 14,
265 2609 358 2648 162.
441 2604 629 2645 consumis
679 2607 843 2645 studium

161 2674 270 2704 tuum
299 2665 338 2700 in
361 2664 533 2701 virorum
552 2660 713 2701 fortium
735 2663 843 2702 faffls

159 2721 366 2760 memoriae
385 2719 592 2772 prodendis
617 2722 656 2767 6,
673 2731 736 2766 12,
752 2723 844 2761 160.

162 2777 381 2829 Consumere
398 2774 514 2816 diem.
540 2777 652 2815 Diem
671 2776 843 2816 consumi

953 215 1135 259 volebant
1168 228 1205 266 1,
1231 230 1272 266 2,
1295 230 1334 271 4.
1394 220 1634 274 consumpti-s

955 276 1034 316 dies
1054 276 1298 316 altercatione
1319 277 1482 317 consulis
1511 293 1547 318 et
1573 281 1638 318 ui-

953 334 1049 373 buni
1075 331 1196 387 plebis
1227 330 1319 385 tud.
1343 346 1379 386 3.
1466 335 1636 374 consuti:-

952 403 1038 444 ptus
1059 390 1196 439 inedia,
1216 400 1252 429 et
1269 392 1573 444 purgationibu8‚
1597 404 1634 432 et

954 449 993 486 vi
1016 448 1127 501 ipsuis
1151 448 1279 488 morbi
1394 451 1459 496 16,
1475 457 1540 497 10,
1551 456 1635 502 487

1500 531 1539 573 §¹9
1571 531 1636 569 13,

1554 588 1634 629 123

896 629 1168 687 Contemplans
1191 642 1228 673 te
1251 626 1442 672 absentem
1479 640 1518 682 2,
1530 643 1636 688 9,39

897 691 1138 730 Contendere
1160 705 1300 730 neruos
1318 704 1449 730 omnes
1477 689 1564 730 suos
1596 692 1635 728 in

950 746 1076 800 aliqua
1106 761 1147 786 re
1383 760 1444 801 ις,
1470 758 1534 801 14,
1553 750 1636 801 469

898 820 1111 863 Contentio
1131 817 1272 872 dispar,
1304 816 1474 858 dissensio
1496 818 1638 857 summa

958 886 994 922 1,
1013 887 1056 928 7,
1083 886 1147 916 12.
1176 877 1248 915 Res
1270 875 1342 916 fuit
1367 891 1413 915 ne
1429 878 1642 915 eontentio-

955 934 1012 970 nis
1037 932 1194 985 quidem
1216 935 1394 972 minimae
1426 940 1463 982 8,
1483 945 1522 986 9,
1545 945 1640 974 221.

956 990 1241 1029 contentionem
1270 992 1354 1030 fieri
1371 1004 1478 1037 cum,
1505 1003 1572 1029 etc.
1607 1001 1641 1035 1,

1522 1058 1562 1099 92
1592 1058 1641 1098 19

900 1117 1068 1158 Contero.
1117 1117 1384 1156 Contriueram
1406 1117 1485 1155 eius
1509 1131 1642 1155 omnes

954 1173 1186 1222 grauissimas
1217 1174 1376 1210 iniurias
1424 1172 1643 1212 voluntaria

951 1230 1116 1283 quadam
1175 1228 1376 1269 obliuione
1431 1235 1642 1269 eommunis

954 1287 1183 1326 concordiae
1219 1285 1338 1325 cauffa
1472 1287 1564 1326 ibid.
1586 1301 1643 1340 24

898 1358 1119 1398 Contestans
1138 1371 1271 1396 omnes
1309 1357 1401 1397 deos
1460 1371 1494 1411 3,
1512 1370 1576 1406 10,
1588 1371 1645 1411 70

901 1416 1094 1456 contexes
1144 1416 1347 1454 coniunffi:
1395 1429 1479 1453 cum
1508 1420 1643 1455 ceteris

957 1472 1070 1511 rebus
1092 1473 1235 1510 nostras
1269 1485 1306 1525 ς,
1327 1482 1392 1518 12,
1408 1483 1423 1512 1
1437 1482 1487 1524 19
1556 1487 1646 1512 con-

953 1540 1081 1569 texere
1102 1540 1270 1568 extrema
1297 1543 1382 1568 cum
1412 1531 1545 1582 primis
1579 1543 1644 1573 10.

1468 1597 1535 1638 13,
1561 1594 1641 1638 2?ss

901 1642 1111 1682 continens.-
1155 1644 1240 1680 Pars
1264 1641 1526 1696 Cappadociae
1557 1659 1641 1682 cum

954 1698 1086 1737 Cilicia
1114 1700 1313 1737 continens
1427 1711 1444 1740 1
1456 1713 1491 1752 ς,
1503 1713 1543 1744 2,
1558 1710 1642 1754 452

900 1772 1110 1810 Continere
1135 1769 1370 1808 iracundiam
1397 1781 1463 1818 11,
1488 1783 1524 1822 3,
1550 1783 1644 1824 319.

957 1830 1200 1865 continentur
1220 1828 1277 1864 his
1300 1829 1508 1879 prouinciis
1532 1831 1647 1867 veoti-

955 1882 1054 1934 galia
1079 1883 1214 1936 populi
1232 1885 1396 1922 Romani
1427 1896 1546 1937 15,1,
1557 1897 1637 1938 451

895 519 1153 559 Contemnere
1179 532 1239 558 res
1272 518 1454 559 humanas

902 1955 1046 1995 Contra
1084 1967 1203 2007 remp
1192 1952 1351 1994 ιόίίσωη
1383 1954 1528 2006 fucere.
1604 1957 1645 2006 §i

956 2013 1040 2064 quis
1072 2013 1158 2049 huic
1195 2010 1344 2049 senatus
1384 2010 1556 2050 consulto
1588 2013 1647 2050 ins

956 2067 1172 2112 te1cesserit‚
1203 2081 1303 2115 eum,
1333 2067 1502 2107 senatum
1524 2071 1645 2108 existi-

931 2147 934 2150 ·
955 2136 1161 2170 maturum,
1200 2135 1331 2164 contra
1371 2123 1646 2178 rempublicam

952 2181 1077 2223 fecisse
1100 2188 1138 2230 8,
1162 2188 1199 2229 8,
1219 2194 1316 2234 219.
1348 2193 1479 2222 contra
1504 2192 1639 2221 volana

951 2248 1067 2280 tatem
1088 2253 1224 2286 meam,
1246 2251 1282 2278 et
1314 2247 1463 2293 praeter
1492 2242 1646 2292 opinio—

952 2311 1038 2335 nem
1068 2295 1204 2334 accidit
1486 2308 1519 2348 3.
1534 2309 1572 2337 2.
1588 2309 1645 2349 54-

895 2349 1134 2392 Contrahere
1153 2353 1221 2391 fibi
1242 2349 1428 2391 molestias
1449 2360 1489 2398 2,
1505 2356 1569 2399 16,
1581 2364 1643 2406 47

896 2421 1157 2464 Contremisco
1205 2433 1287 2463 toto
1326 2436 1488 2476 corpore
1528 2426 1568 2470 6,
1589 2435 1639 2475 7,

1559 2487 1639 2532 152

899 2552 1147 2592 Contristauit
1168 2552 1261 2590 haee
1278 2544 1458 2588 sententia
1476 2546 1640 2589 Balbum

1433 2613 1531 2659 c²³9²
1555 2615 1639 2660 223

901 2663 1206 2705 Contubernalis.
1256 2659 1452 2701 Hsbuiss‘es
1470 2677 1550 2702 non
1572 2666 1641 2701 ho

955 2719 1102 2774 spitcm,
1141 2719 1204 2760 scd
1252 2713 1563 2758 contubernalem
1602 2733 1642 2772 ς,

1469 2780 1642 2819 20.262

899 2833 930 2870 Y
940 2843 962 2876 Υ
971 2843 994 2876 Y
1023 2839 1049 2873 2
1495 2834 1641 2872 Contu:
