1881 3173
607 76 832 130 PAv-LLI
876 85 1012 127 MAN
1027 87 1170 128 v'r11
1208 87 1411 129 moer

243 192 376 245 Ardeo
413 195 620 252 cupiditate
661 199 893 247 incredibili,
920 215 990 240 no·

243 286 250 294 .
301 270 390 306 men
408 266 450 296 vt
471 257 641 295 nostrum
663 255 809 310 scriptis
829 256 989 296 illustre-

297 323 362 353 tur
380 314 456 352 tuis
473 325 512 365 ς,
538 323 604 359 12,
629 320 724 368 118.
752 313 862 353 ardet
882 313 988 354 bello

298 370 405 410 orbis
435 380 625 408 terrarum
828 383 870 424 4,
885 382 922 419 Ι,
935 377 984 420 St

230 439 389 483 „Ardea
408 441 563 479 Tantus
591 439 712 482 ardor
733 442 884 481 animos
919 441 989 480 ho-

295 499 444 536 minum
465 499 668 549 occupauit
757 509 822 546 11,
843 505 879 547 8,
903 511 984 551 323

238 556 532 603 Argumentum,
555 554 657 592 vnde
677 556 762 607 quis
779 554 816 594 se
840 569 885 594 ex
907 557 987 594 ani-

296 624 376 658 mo,
395 623 564 663 vereque
588 612 797 652 arbitretur
817 611 924 661 diligi
945 624 986 665 9,

813 671 881 718 16,
901 681 986 722 255

237 742 380 788 Arguta
399 734 577 778 sedulitas
801 745 840 789 8,
853 749 888 787 1,
900 750 985 792 2ος

235 797 515 838 Ariobarzanes
571 807 639 834 rex
676 794 725 835 ad
754 797 987 837 Ciceronem

292 854 401 893 venit
429 854 472 891 in
503 854 632 898 castra,
660 854 987 906 perturbatusque

291 921 330 951 et
348 911 442 949 flens
462 909 553 948 dicit
574 911 610 948 ei
631 911 677 948 ad
699 909 735 949 se
756 910 898 950 indicia
912 924 990 949 ma-

250 1004 252 1007 .
293 966 517 1007 infessarum
547 966 770 1006 insidiarum
795 966 868 1006 effe
889 966 990 1006 dela-

290 1034 330 1064 ta
382 1036 448 1078 15,
479 1037 521 1070 2,
553 1036 651 1076 453.
708 1025 988 1064 Ariobarzanes

293 1095 361 1122 rex
397 1095 417 1119 a
437 1079 566 1120 senatu
586 1094 657 1134 per
677 1082 906 1120 Ciceronem
925 1095 992 1135 ap·

297 1136 461 1192 pellatus
798 1149 921 1192 217,
937 1150 991 1192 50

239 1210 519 1251 Ariobarzanes
546 1223 614 1249 rex
639 1207 816 1256 Eusebes,
846 1219 883 1248 et
905 1209 991 1248 Phi-

296 1266 516 1305 loromaeus
776 1278 790 1306 1
803 1278 836 1318 ς,
849 1278 889 1312 2,
903 1276 984 1318 453

238 1324 539 1366 Ariobarzanem
569 1335 699 1372 regem
727 1321 989 1375 praesentibus

296 1379 440 1421 insidiis
480 1393 550 1418 nec
596 1381 822 1434 opinantem
848 1379 989 1418 Cicero

243 1434 253 1438 ”
298 1437 479 1477 liberauit
766 1449 832 1490 15,
851 1447 891 1490 4,
903 1446 989 1489 457

239 1509 476 1551 Aristarchus
772 1518 814 1560 9,
828 1518 893 1555 10,
905 1520 955 1557 24
960 1518 990 1561 7

240 1580 476 1622 Aristarchus
501 1577 665 1617 Homeri
692 1578 845 1619 versum
863 1588 990 1630 negat,

299 1652 416 1692 quem
436 1650 515 1675 non
538 1636 679 1688 probat
793 1648 829 1699 3,
849 1647 913 1686 11,
932 1647 990 1689 77

243 1710 456 1763 Aristippus
477 1705 692 1746 Socraticus
722 1721 802 1746 non
823 1705 992 1755 erubuit,

299 1781 386 1805 cum
420 1763 509 1804 effet
543 1765 579 1802 ei
616 1764 812 1804 obieekum
848 1764 991 1803 habere

301 1837 390 1863 eum
408 1821 528 1862 Laida
773 1834 811 1875 9,
823 1821 892 1869 26,
904 1832 990 1875 270

244 1890 486 1937 Aristotelico
523 1907 633 1932 more
672 1901 749 1931 tres
786 1891 909 1933 libros
941 1893 988 1932 de

303 1953 470 1991 Oratore
494 1949 633 2004 scripsit
653 1951 790 1989 Cicero
835 1961 922 2003 1‚9,
932 1961 990 2004 27

244 2010 388 2052 Arma.
424 2011 630 2047 Armorum
660 2010 698 2046 e't
725 2009 912 2047 vietoriae
936 2006 991 2046 fa·

299 2068 371 2116 eta,
399 2079 479 2104 non
504 2064 672 2104 Caesaris
783 2064 822 2112 6,
843 2067 882 2112 6,
908 2075 991 2118 150

243 2141 446 2180 Armatura
479 2138 623 2190 optima
657 2146 790 2176 contra
819 2137 991 2188 equitem

298 2194 479 2234 Parthum
766 2204 808 2245 9,
819 2204 890 2246 25,
902 2195 988 2246 269

245 2270 442 2311 Armatus.
471 2264 618 2302 Armati
638 2263 681 2301 in
710 2264 815 2302 curia
838 2264 886 2302 ab
914 2267 990 2304 An-

302 2325 412 2363 tonio
430 2319 607 2360 collocati
758 2332 822 2368 10,
841 2333 882 2369 2,
903 2330 989 2374 273

246 2396 378 2438 Armo.
406 2395 537 2432 Armat
559 2404 620 2429 me
642 2389 884 2445 philosophia
900 2407 990 2431 cona

299 2461 359 2491 tra
378 2463 511 2490 omnes
530 2447 711 2497 fortunae
729 2450 894 2503 impetus
922 2458 994 2496 12,

304 2559 307 2560 γ
805 2518 875 2559 23,
905 2516 984 2559 371

245 2581 448 2635 Arpinates
467 2577 667 2617 Ciceronis
685 2578 906 2630 municipes*
920 2587 988 2629 13,

814 2644 982 2687 11,391

244 2707 424 2759 Arripere
453 2705 574 2744 statim
601 2701 762 2747 caussam
790 2704 897 2744 illam
931 2714 989 2745 to·

301 2773 378 2803 tam
400 2772 437 2802 et
457 2772 606 2816 tempus
769 2772 808 2817 ς,
823 2771 888 2814 12,
904 2773 921 2804 1
933 2772 986 2815 19

1044 203 1136 241 Aser.
1165 201 1276 238 Artes
1295 194 1472 240 liberales
1487 201 1686 241 vberiores
1709 201 1789 242 fru-

1101 258 1183 297 &us
1207 256 1338 297 ferunt
1358 259 1399 297 in
1417 258 1533 296 rebus
1565 259 1727 299 aduersis
1748 273 1790 312 9,

1648 329 1685 369 3,
1704 325 1790 369 240

1042 381 1197 424 Arsaces
1535 388 1590 432 7'8,
1615 396 1680 438 14,
1705 396 1792 436 230

1044 441 1273 481 Arthriticus
1308 454 1418 480 cocus
1555 454 1596 494 9,
1615 453 1684 494 23,
1705 445 1796 495 267*

1045 510 1193 552 Artifex
1229 509 1392 552 laetatur
1421 510 1497 551 suis
1537 515 1720 567 operibus
1755 523 1794 557 1,

1704 600 1716 618 ,
1737 580 1787 611 11

1045 622 1203 678 Asclapo
1225 622 1394 663 medicus
1562 629 1628 674 15⁵
1650 582 1792 679 93436

1045 697 1194 736 Asmius
1214 693 1339 734 Pollio
1356 696 1399 732 in
1418 694 1545 734 castris
1565 698 1736 749 Pompeii
1757 707 1794 734 et

1103 751 1277 792 Caesaris
1297 765 1454 801 magnos
1483 753 1659 791 inimicos
1683 753 1796 792 habe·

1103 810 1170 849 bat
1191 820 1257 857 10,
1282 820 1347 861 3¹,
1372 814 1465 861 308.
1512 809 1710 849 Caesarem
1730 809 1795 854 'di-

1100 865 1196 906 lexit
1216 865 1361 904 summa
1385 880 1471 903 cum
1491 867 1633 918 pietate
1662 877 1699 907 et
1718 867 1795 906 fide

1102 922 1195 965 ibid.
1224 921 1374 962 nullum
1385 921 1444 960 es*
1439 937 1458 960 e
1474 922 1689 975 periculum
1706 923 1793 963 scri·

1102 981 1175 1027 bit,
1188 980 1292 1033 quod
1309 993 1382 1032 pro
1402 978 1579 1019 libertate
1604 992 1670 1021 aut
1688 980 1795 1020 defu·

1103 1040 1194 1088 giu,
1213 1047 1278 1076 aut
1307 1036 1532 1091 deprecetur
1557 1037 1651 1078 ibid.
1691 1041 1793 1092 palcis

1105 1094 1361 1149 cupidiffim'us
1553 1106 1618 1142 10,
1633 1109 1653 1149 3
1663 1107 1679 1136 1
1689 1125 1698 1141 ,
1712 1107 1794 1148 309

1048 1165 1229 1220 Aspen-”tus
1250 1166 1355 1205 vrbis
1377 1166 1447 1205 tibi
1471 1175 1575 1205 tuam
1598 1168 1796 1221 pristinam

1106 1224 1364 1274 vrbanitatem
1391 1222 1562 1263 reddidit
1619 1237 1656 1277 3,
1678 1236 1717 1277 9,
1739 1227 1792 1272 63

1047 1295 1228 1350 Aspergo.
1254 1296 1359 1333 Haec
1377 1292 1521 1348 aspersi,
1538 1305 1580 1334 vt
1601 1293 1712 1333 scires
1733 1308 1795 1332 me

1105 1362 1231 1391 tamen
1257 1352 1297 1389 in
1331 1352 1523 1390 stomacho
1553 1350 1673 1390 solere
1696 1351 1797 1390 ride·

1104 1422 1147 1447 re
1173 1421 1214 1454 2,
1244 1410 1310 1454 16,
1339 1415 1408 1459 48.
1456 1407 1625 1462 aspersus
1656 1407 1796 1447 leuiter

1104 1477 1150 1504 ex
1170 1463 1302 1517 aliquo
1321 1463 1429 1504 fonte
1592 1465 1632 1512 6,
1652 1468 1690 1512 6,
1714 1475 1798 1518 149

1047 1535 1257 1590 Aspernari
1298 1533 1610 1575 beneuolentiam
1655 1536 1795 1575 floren-

1101 1593 1229 1633 tifflmi
1247 1592 1415 1630 hominis
1444 1605 1480 1644 3,
1504 1604 1644 1646 10,73.
1671 1591 1795 1647 asper-

1103 1652 1189 1689 nari
1218 1648 1488 1688 liberalitatem
1525 1651 1704 1698 vffitoris,
1735 1649 1796 1688 su—

1105 1708 1218 1762 perbi
1239 1708 1292 1746 est
1628 1718 1669 1762 4,
1683 1708 1792 1761 9396

1049 1778 1225 1833 Aspirare
1243 1775 1292 1816 ad
1322 1788 1408 1815 eum
1437 1786 1598 1830 propter
1623 1777 1704 1817 eius
1731 1774 1797 1818 οεῖ

1104 1836 1326 1890 cupationes
1342 1836 1457 1873 ceteri
1477 1848 1557 1873 non
1579 1833 1731 1888 possunt
1749 1847 1794 1889 7,

1631 1903 1697 1941 10,
1712 1899 1790 1941 181

1047 1959 1229 2019 Affinsor.
1266 1962 1336 2000 Tu
1358 1975 1455 2000 vnus
1478 1973 1524 2001 ex
1551 1972 1634 2003 toto
1652 1965 1796 2003 exerci·
1828 1989 1830 1991 -

1080 2029 1146 2059 tu
1164 2019 1259 2059 mihi
1269 2016 1372 2059 fuisti
1382 2018 1558 2068 assensor‚
1575 2031 1612 2060 et
1633 2035 1717 2073 ego
1722 2021 1797 2062 tibi

1295 2098 1297 2100 v
1575 2080 1696 2129 6,2Ῑ,
1711 2083 1791 2127 168

1046 2147 1336 2190 Affentiendum
1355 2146 1461 2187 nulla
1491 2163 1576 2189 cum
1605 2152 1795 2200 grauitate

1103 2208 1246 2261 paucis,
1265 2217 1330 2246 aut
1350 2204 1487 2246 frustra
1496 2205 1794 2248 dissentiendum

1631 2276 1668 2310 1,
1687 2271 1725 2314 8,
1730 2276 1795 2320 14
1854 2262 1867 2293 ·“’

1046 2326 1250 2387 Affi’que‘.
1248 2331 1431 2373 Nullam
1466 2345 1614 2388 partem
1660 2336 1795 2377 videar

1103 2398 1260 2428 tuorum
1278 2393 1508 2431 meritorum
1527 2392 1736 2442 affecutus‚
1764 2395 1793 2437 fi

1080 2485 1083 2486 γ
1104 2446 1223 2484 vitam
1241 2460 1314 2500 pro
1336 2458 1374 2487 te
1391 2449 1625 2502 profundam
1661 2461 1750 2503 1,4‚
1764 2452 1794 2494 6

1048 2517 1239 2566 Affignare
1259 2532 1370 2568 agros
1400 2531 1465 2567 ΙΙ,
1486 2531 1554 2568 20,
1575 2533 1670 2574 334.
1713 2523 1792 2561 affi-

1105 2585 1261 2624 gnatum
1291 2578 1340 2614 iri
1375 2590 1490 2616 omne
1521 2578 1794 2620 detrimentum

1103 2643 1254 2685 captum
1273 2632 1432 2672 alicuius
1465 2637 1696 2687 pertinaciae
1722 2647 1791 2677 mit

1102 2690 1236 2728 timori
1530 2704 1597 2739 10,
1620 2700 1683 2742 18
1703 2702 1789 2746 292

1044 2745 1318 2806 Affignationes
1340 2746 1515 2788 Sullanae
1575 2761 1625 2792 10
1607 2780 1641 2803 3,
1654 2757 1691 2797 8,
1707 2756 1791 2802 387

1619 2815 1787 2860 Assuefe-

1849 2832 1862 2856 ⁸-
1851 2799 1854 2803 ’
1852 2763 1866 2787 -2
1840 2515 1869 2754 Qss-w
1851 2460 1868 2501 a».
1863 2441 1865 2446 .

1844 2807 1854 2825 -d
