1881 3173
425 94 495 136 IN
520 88 860 137 'CICERONIS
890 89 1077 132 EPIST.
1105 90 1242 132 ΒΑΜ.

65 221 176 256 rum,
201 206 436 263 praestaturi
467 207 672 250 videntur-s
694 209 802 256 item,

65 266 286 316 Pompeium
309 264 381 305 tibi
401 263 517 305 valde
545 267 713 305 amicum
736 264 804 320 ff

66 325 235 378 cognoui,
255 334 293 362 et
310 336 351 361 eo
371 332 413 368 tu
431 321 593 370 confide,
617 334 803 375 quantum

68 393 134 431 ego
150 380 343 431 perspicio,
363 389 453 432 quae
474 379 588 426 voles,
607 377 803 427 obtinebis,

67 435 191 475 adhuc
211 450 289 474 non
319 432 516 474 reduetum
542 448 669 484 regem
697 437 805 486 figni-

68 494 174 531 ficat:
213 505 327 545 quem
345 502 468 530 tamen
489 491 563 531 hoc
585 492 720 532 eodem
743 506 807 532 an-

69 563 121 587 no
144 548 341 588 reduchuu
372 547 445 588 csse
470 563 492 587 a
524 551 690 589 Gabinio
717 564 806 603 pro-

67 604 219 645 consule
231 607 355 650 Syriae
366 605 507 655 scribit,
528 618 569 646 vt
588 606 680 655 dixi,
691 610 778 646 Dio.

184 752 415 804 r'113.v11.
455 773 646 805 rrxs‘r.
670 775 698 805 1.

126 864 442 903 M.C1C13Ro
472 866 527 904 M.
553 865 758 923 Mimo

384 935 418 973 s,
454 936 500 974 1).

130 1062 172 1102 Si
188 1072 226 1103 te
248 1059 376 1116 dolor]
462 1064 608 1102 Marius
638 1064 678 1101 in
712 1062 810 1112 agris

72 1129 167 1167 erat,
190 1121 326 1158 Cicero
346 1122 501 1158 Romae.
531 1122 669 1159 minuit
687 1121 721 1158 ei
745 1133 812 1158 vo-

73 1174 259 1229 luptatem
277 1175 470 1225 ludorum,
495 1190 591 1230 quos
610 1177 810 1228 Pompeius

74 1232 205 1272 consul
224 1235 273 1271 11.
298 1232 339 1270 id
365 1234 416 1272 est
449 1234 520 1272 hoc
541 1247 657 1280 anno,
677 1231 811 1280 edidit,

76 1291 215 1343 quibus
236 1292 380 1329 Marius
405 1305 482 1328 non
503 1290 624 1332 affuit.
656 1289 702 1328 de
730 1290 812 1342 qui-

75 1347 146 1387 bus
167 1345 266 1385 ludis
285 1345 396 1386 latius
418 1346 546 1387 scribit
563 1349 643 1387 Dio
664 1346 730 1386 lib.
749 1352 813 1400 38.

75 1405 116 1443 in
135 1403 297 1444 secundo
322 1402 517 1443 consulatu
548 1405 731 1458 Pompeii.

1515 112 1602 157 975

900 216 1138 245 L1B.X111.
1178 214 1558 254 emsa-‚xrvun

859 278 913 318 M.
942 277 1177 317 CICERO
1213 277 1257 316 C.
1293 278 1594 327 SEXTILIO

887 349 1049 388 RVFO
1094 348 1580 397 PROQVAESTORI

1170 421 1205 459 S.
1234 422 1281 460 D.

917 490 1057 530 Omnes
1076 487 1152 530 tibi
1181 491 1394 534 commendo
1418 494 1600 556 Cyprios]

861 549 935 586 Hic
963 547 1009 586 C.
1036 546 1211 586 Sextilius
1260 552 1405 602 primus
1431 555 1600 607 Cyprum

863 603 1136 658 proquaestore
1154 607 1263 653 rexit,
1285 617 1326 646 vt
1352 607 1420 647 hac
1445 613 1602 664 epistola

861 660 992 700 scribit
1014 662 1161 700 Cicero.
1202 664 1300 702 Cum
1322 675 1448 706 autem
1465 672 1519 708 M.
1532 673 1603 711 Ca-

864 728 921 765 to,
942 720 1067 756 Dione
1086 720 1256 766 aneton,
1271 719 1466 774 superiore
1486 740 1604 777 anno,

865 773 1041 828 Philippo
1056 785 1094 814 et
1108 774 1333 817 Marcellino
1367 779 1452 820 coss.
1469 797 1514 823 ex
1532 788 1606 831 Cy..

865 846 937 886 pro
958 830 1128 880 redierit,
1159 835 1200 871 in
1229 847 1343 887 quam
1372 839 1539 881 Gabinio
1565 852 1604 883 et

865 888 998 928 Pisone
1019 887 1104 928 coss.
1124 889 1316 942 profectus
1330 903 1423 940 erat,
1441 910 1605 952 eamque

865 947 1019 986 interim
1037 948 1078 984 in
1107 950 1330 999 prouinciae
1355 949 1520 993 formam
1547 969 1608 996 re-

865 1002 1039 1053 degerat:
1078 1002 1255 1055 profeeto
1291 1012 1471 1060 app'are‘t,
1502 1012 1606 1054 hunc

867 1058 1064 1099 Sextilium
1088 1059 1160 1098 hoc
1183 1075 1286 1100 anno
1300 1065 1340 1102 in
1363 1066 1491 1119 Cypro
1515 1068 1606 1108 fuis-

868 1116 926 1156 se:
962 1113 1181 1169 praesertim
1201 1132 1308 1167 vero,
1337 1135 1422 1160 cum
1441 1128 1608 1167 mentio-

867 1187 953 1212 nem
996 1172 1107 1211 faciat
1135 1172 1228 1223 legis
1253 1177 1290 1215 P.
1316 1179 1491 1229 Lentuli,
1535 1186 1605 1237 qui

866 1232 1025 1271 biennio
1046 1240 1134 1269 ante
1155 1230 1285 1271 consul
1304 1232 1390 1274 fuit.
1409 1237 1498 1277 huic
1515 1254 1607 1290 ergo

868 1287 1110 1326 commendat
1129 1289 1265 1328 Cicero
1287 1304 1418 1330 omnes
1431 1296 1607 1349 Cyprios,

870 1344 932 1384 sed
952 1346 1115 1383 maxime
1132 1346 1306 1398 Paphios·
1351 1350 1491 1402 Neque
1510 1368 1607 1396 vcro

870 1416 941 1457 pro
962 1411 1066 1441 certo
1090 1416 1173 1441 rem
1196 1402 1440 1446 affirmamus.

281 1527 632 1558 L.DOM1T10
666 1526 1085 1557 AHENORARBO

280 1585 366 1614 ΛΡ.
399 1584 671 1614 CLAVDIO
705 1584 982 1613 PVLCHRO
1017 1583 1169 1615 coss.

280 1634 394 1671 Anno
415 1632 463 1671 ab
485 1632 588 1672 Vrbe
607 1631 758 1672 condita
778 1641 974 1672 DCXCIX.

73 1778 94 1788 .,
191 1743 371 1784 L'113.v.
400 1753 705 1783 1:1³1s‘r.vn1.

80 1817 133 1857 M.
170 1816 444 1856 TVLLIVS
492 1813 724 1854 CICERO
762 1818 817 1855 M.

127 1887 382 1927 LICINIO
413 1887 449 1925 P.
480 1887 520 1926 F.
548 1886 775 1925 CRASSO

392 1958 426 1996 S.
454 1958 504 1996 D.

134 2028 339 2082 ‚Quantum
364 2043 489 2069 meum
508 2023 705 2084 studium]
764 2029 819 2068 M.

79 2087 228 2126 Crassus
247 2089 377 2141 priore
398 2097 500 2125 anno
526 2084 655 2125 consul
678 2087 820 2130 syriam

81 2146 317 2197 prouinciam
335 2143 506 2197 adeptus,
525 2145 565 2182 in
584 2157 665 2182 eam
685 2142 820 2182 eodem

80 2214 196 2248 anno,
237 2203 373 2240 inuitis
414 2211 451 2240 et
494 2200 816 2239 obnunciantibus

81 2259 244 2296 tribunis
266 2257 400 2311 plebis,
424 2257 618 2311 profeeius
639 2268 731 2303 erat,
752 2271 817 2296 au-

79 2316 185 2354 &ore
206 2316 344 2362 Dione,
365 2325 402 2353 et
425 2313 637 2354 Plutarcho.
679 2316 816 2354 Cicero

80 2383 206 2410 autem
244 2372 357 2411 huius
394 2372 485 2410 anni
521 2373 634 2412 initio
672 2385 744 2424 pro
770 2385 817 2411 eo

79 2431 155 2478 egit
174 2430 214 2466 in
234 2428 376 2476 senatu,
395 2442 480 2467 cum
507 2427 723 2467 consulibus
748 2431 820 2482 Ap.

79 2484 242 2523 Claudio
279 2498 316 2525 et
343 2490 385 2525 L.
410 2487 595 2524 Domitio.
631 2485 725 2538 quid
756 2500 820 2523 au-

80 2551 155 2581 tem
176 2544 306 2590 egerit,
336 2543 383 2581 ad
402 2541 571 2581 Crassum
598 2542 667 2583 hac
687 2543 822 2595 episto·

78 2597 171 2637 lain
191 2601 428 2652 prouinciam
459 2599 597 2638 scribit.
681 2601 738 2638 De
763 2614 824 2638 ea·

79 2655 166 2695 dem
189 2657 301 2694 ctiam
322 2660 567 2696 contentione
583 2665 619 2695 ct
641 2654 822 2695 defenfio-

79 2727 127 2751 nc
149 2712 264 2752 Craffi
285 2712 457 2765 loquitur
478 2716 518 2752 in
531 2711 687 2766 epistola
708 2711 823 2763 longa

77 2770 124 2808 ad
153 2768 368 2821 Lentulum,
394 2769 607 2824 (lib.1.9.)
639 2783 737 2824 quae
762 2785 824 2810 ex-

874 1755 996 1785 tremo
1013 1745 1085 1784 hoc
1103 1759 1221 1796 anno,
1245 1757 1288 1789 vt
1306 1750 1511 1801 ostendam,
1526 1752 1613 1794 scri-

873 1816 937 1856 pta
959 1803 1030 1853 est)
1047 1804 1114 1850 ita,
1143 1804 1267 1856 Craffi
1279 1809 1448 1861 causam,
1473 1824 1613 1867 magna

870 1860 981 1899 illius
1023 1860 1358 1906 «commendatione
1381 1866 1615 1921 flasi-eptam,

870 1906 1030 1970 defendi
1046 1918 1089 1958 in
1104 1916 1262 1970 finatu.

987 2026 1096 2056 L113.
1123 2027 1205 2057 vu.
1236 2028 1499 2065 E1218T.V.

873 2101 928 2140 M.
968 2102 1245 2144 TVLLIVS
1286 2107 1521 2148 CICERO
1568 2111 1614 2150 C.

1033 2173 1292 2213 CAESARI
1335 2179 1455 2218 IMP.

1189 2245 1224 2285 S.
1253 2247 1301 2285 D.

935 2313 1043 2362 Vide,
1070 2327 1186 2372 quam
1218 2316 1312 2357 mihi
1329 2319 1617 2376 persuaserim]

873 2372 917 2410 C.
954 2371 1092 2411 Caesar
1131 2374 1207 2412 iam
1248 2376 1427 2428 quintum
1473 2392 1619 2420 annum

875 2428 1104 2482 proconsule
1129 2429 1273 2471 bellum
1294 2433 1450 2481 gerebat
1465 2437 1506 2474 in
1529 2435 1618 2476 Gal-

878 2485 940 2532 lia,
960 2500 1044 2524 cum
1062 2485 1110 2525 ad
1130 2501 1218 2526 eum
1239 2502 1324 2527 cum
1343 2491 1401 2528 his
1423 2489 1546 2531 literis
1573 2495 1616 2534 C.

878 2544 1110 2582 Trebatium
1142 2545 1240 2584 misit
1258 2547 1408 2586 Cicero.
1464 2548 1621 2589 Miss'um

878 2610 1006 2639 autem
1029 2600 1101 2639 ess'e
1110 2602 1284 2641 Domitio
1305 2613 1341 2641 et
1350 2602 1514 2646 Claudio
1534 2606 1623 2647 coss.

878 2657 967 2696 hinc
993 2656 1155 2706 intelligi
1185 2660 1329 2711 potest,
1368 2662 1496 2713 quod,
1535 2679 1621 2703 cum

880 2713 978 2751 hanc
999 2714 1194 2766 epistolam
1212 2713 1363 2768 scripfit,
1383 2717 1521 2760 Balbus
1541 2733 1623 2760 erat

881 2771 1036 2814 Romae.
1068 2771 1171 2824 quod
1187 2772 1390 2823 fignificat,
1432 2790 1517 2815 cum
1547 2780 1624 2824 ait,

1467 2834 1624 2887 fitstuli-
