1881 3173
252 169 339 220 690
396 196 399 199 -

308 276 496 333 Lepidum
513 272 745 328 reipublicae
765 271 995 326 temporibus

249 330 512 388 admonitum]
568 330 638 372 Vel
666 333 758 384 quia
786 327 995 383 rempubli-

252 408 333 433 cam
354 395 395 432 in
428 389 616 430 summum
641 387 843 428 discrimen
877 385 994 425 addu-

251 453 352 492 &am
368 449 518 489 videat:
547 444 611 486 vel
636 447 741 497 quia,
778 445 883 484 vie'to
917 444 995 481 iam

250 507 300 547 ad
339 508 531 546 Mutinam
561 503 746 548 Antonio,
780 503 860 540 eius
893 496 995 538 malo

251 565 446 610 doceatur,
466 559 558 614 quid
576 556 765 607 agendum
788 557 859 596 fibi
889 557 943 596 sit.

199 655 201 660 .
310 621 446 661 Tecum
466 614 697 670 reipublicae
716 622 833 652 ERN.
857 613 998 654 Tecum

250 688 288 718 et
315 674 546 729 reipublicae
560 672 667 724 satis
694 660 996 725 qlfffaft'urum]

251 733 514 784 Consentiunt·
538 730 580 768 in
606 727 680 767 hoc
710 736 860 784 veteres
906 725 998 767 libri

466 161 694 204 PAvLm
718 147 1007 200 MA‘NvTu
1036 154 1555 197 COMMENTARIVS

1052 283 1212 309 omnes:
1240 282 1310 308 nec
1330 277 1474 315 tamen,
1511 266 1639 306 locum
1671 280 1805 308 vacare

1052 325 1209 373 mendo,
1226 325 1381 379 prorsus
1410 325 1596 364 existimo.
1626 326 1732 364 venit
1760 326 1805 365 in

1052 393 1236 430 mentem,
1265 383 1340 422 hoe
1369 380 1524 422 fortasse
1555 381 1650 427 dici,
1679 393 1806 421 tecum

1053 437 1115 494 ff
1139 439 1353 487 fhHurum,
1373 451 1413 479 et
1431 436 1804 490 reipublicaesun'n

1052 505 1095 535 vt
1129 495 1235 535 idem
1262 498 1425 536 verbum
1455 495 1548 535 duas
1579 495 1626 532 ad
1656 494 1804 533 senten-

1053 555 1125 593 tias
1140 551 1336 606 respiciat:
1355 550 1702 605 tecumfaffilurum
1714 565 1803 604 pm,
1845 575 1847 577 ·

1054 621 1180 650 tecum
1231 609 1446 660 sensurum:
1497 622 1576 662 quo
1614 607 1804 661 loquendi
1855 643 1860 646 .

1055 666 1175 707 modo
1195 676 1344 705 veteres
1356 667 1408 705 vfi
1431 666 1537 706 sunt:
1568 674 1605 705 et
1623 664 1804 719 reipubli-

1052 739 1118 765 cae
1124 720 1449 776 satisfac‘i’urum.

743 838 1172 880 EPISTOLAE
1224 837 1315 877 xv.
1406 891 1409 894 ι

651 911 1399 977 ARGVMENTVM

328 1038 331 1041 *
384 1030 502 1091 Qid
523 1033 659 1089 egerit,
687 1028 854 1086 quidque
866 1037 1010 1081 paret,
1040 1037 1085 1071 ot
1113 1027 1359 1080 opprimatur
1392 1028 1607 1075 Antonius,
1633 1030 1802 1083 exponit.

249 1091 391 1135 Eodem
411 1103 522 1132 anno.

766 1197 1273 1238 EXPLANATIO.

231 1288 538 1378 .Rec0nciliata
584 1289 783 1328 voluntate
835 1287 992 1345 nostra]

338 1346 449 1401 Epist.
469 1358 528 1388 11.
545 1361 559 1389 ι
573 1352 610 1394 8.
625 1356 690 1384 21.

303 1402 597 1455 Abieae‘lumque]
625 1403 724 1450 Qiia
744 1402 820 1440 iam
845 1401 893 1441 ad
906 1403 993 1441 Mu-

244 1461 364 1500 tinam
386 1458 536 1514 proelio
560 1460 683 1498 vietus
703 1468 794 1498 erat.

301 1513 571 1569 Laterensem]
637 1515 773 1569 Lepidi
810 1514 988 1568 legatum.

242 1574 349 1627 epist.
364 1584 382 1614 1
395 1583 428 1613 1.
446 1585 460 1613 ι
472 1578 507 1620 8.
521 1583 586 1613 21.
600 1583 666 1622 23.

304 1630 505 1669 prouincia
517 1628 614 1682 sua]
657 1629 852 1684 Hispania,
873 1638 916 1669 vt
935 1630 988 1669 ait

242 1684 412 1728 Velleius
435 1683 503 1724 lib.
517 1696 554 1726 2.
575 1699 603 1724 c.
618 1688 686 1737 63.

298 1741 358 1782 Ab
377 1744 555 1797 eqt'titatu
562 1740 724 1795 firmus]
760 1742 860 1782 Vide
883 1744 988 1797 epist.

243 1809 312 1852 33.
341 1809 379 1839 et
405 1798 470 1837 lib.
490 1809 554 1840 11.
598 1799 703 1852 epist.
727 1809 789 1840 10.
818 1800 989 1841 Paratus

240 1857 427 1912 equitatu,
448 1854 515 1894 lib.
544 1865 604 1905 15.
625 1857 729 1909 epist.
751 1869 792 1909 4.

298 1913 346 1952 In
375 1913 488 1962 cursu
517 1909 698 1951 honorum
723 1912 985 1966 corfiliorum]

241 1971 343 2009 Dum
361 1968 530 2022 Lepidus
550 1968 647 2007 bene
670 1971 859 2009 animatus
882 1970 984 2011 effet.

297 2026 529 2080 Equitatum
554 2027 654 2075 eius]
686 2029 857 2066 Antonii.

294 2083 390 2123 Eam
406 2085 580 2135 partem]
610 2086 660 2121 Vt
678 2093 895 2124 veteranam
921 2082 984 2122 de·

235 2139 373 2179 cimam
390 2137 595 2189 legionem,
617 2141 719 2193 epist.
738 2155 752 2183 ι
767 2155 800 2183 1.
822 2152 859 2181 et
874 2140 984 2191 alios,

237 2199 341 2251 epist.
358 2210 383 2238 2
394 2209 426 2238 ι.

294 2254 474 2294 Flumine
506 2253 692 2302 maximo]
735 2251 881 2292 Plinius
910 2252 983 2292 Isa-

233 2323 317 2350 ram
336 2310 525 2350 Rhodano
542 2320 735 2363 comparat
759 2308 824 2350 lib.
841 2322 875 2362 3.
899 2324 929 2349 c.
942 2321 982 2361 4.

288 2367 329 2407 L.
367 2364 595 2407 Antorzimd
619 2364 860 2421 praemfftm
895 2381 979 2407 cum

231 2421 441 2478 equitibus]
469 2424 580 2477 Epist.
604 2435 669 2476 34.

175 2484 178 2485 ⁷
289 2479 527 2530 cohortibus]
555 2482 659 2519 Tres
680 2477 878 2533 manipuli,
908 2481 975 2531 qui

230 2538 482 2575 etrcenturiae
510 2536 756 2583 dicebantur4
787 2550 885 2576 vnus
910 2537 973 2575 ha-

230 2589 431 2639 statorum,
454 2591 549 2632 alter
577 2595 809 2647 principum,
835 2596 971 2632 tertius

1049 1296 1211 1333 tantum,
1230 1289 1282 1327 ita
1299 1287 1341 1326 fit
1368 1299 1548 1324 numerus
1569 1286 1680 1326 CCC.
1698 1284 1801 1325 mili-

1049 1354 1132 1383 tum
1170 1346 1211 1383 in
1244 1345 1416 1383 cohorte.
1445 1342 1556 1382 aliter
1602 1345 1797 1392 Vegetius‚

1048 1412 1193 1440 mutata
1223 1401 1373 1440 militia.
1425 1414 1496 1438 nos
1529 1395 1728 1446 Polybium
1753 1402 1797 1438 in

1048 1456 1265 1511 manipulis,
1279 1461 1507 1497 Ciceronem
1527 1468 1564 1496 ct
1583 1461 1797 1496 Varronem

1046 1517 1088 1554 in
1118 1515 1366 1555 cohortibus:
1396 1528 1484 1552 nam
1517 1528 1579 1554 eas
1612 1513 1795 1559 Polybius

1047 1586 1259 1625 numquam
1279 1572 1508 1611 nominauit.
1590 1573 1635 1610 Et
1654 1572 1793 1610 cohors

1046 1629 1216 1682 quidem,
1253 1643 1339 1667 cum
1367 1627 1468 1677 legio
1503 1628 1676 1681 peditum
1704 1627 1792 1667 sena

1044 1684 1168 1725 millia
1185 1687 1332 1733 habuit,
1352 1686 1392 1724 id
1424 1687 1486 1732 est,
1507 1686 1705 1725 Ciceronis
1730 1699 1792 1724 ae·
1830 1734 1835 1739 Ι

1046 1754 1135 1791 tate,
1156 1757 1201 1782 ex
1218 1742 1490 1796 quadringenis
1503 1741 1689 1781 militibus
1701 1756 1791 1781 con-

1046 1801 1183 1839 stabat:
1215 1802 1320 1852 quod
1347 1813 1393 1839 ex
1439 1798 1507 1841 lib.
1536 1812 1570 1841 1.
1601 1799 1649 1838 ad
1675 1801 1788 1840 Attic.
1841 1822 1844 1824 ·

1045 1858 1148 1911 epist.
1164 1869 1199 1898 1.
1215 1856 1302 1896 licet
1320 1854 1553 1905 intelligere:
1583 1870 1670 1895 cum
1690 1870 1801 1909 vero·

1043 1924 1227 1967 quaterna
1248 1925 1396 1953 tantum
1422 1911 1555 1959 millia,
1582 1910 1629 1952 ‘et
1648 1913 1787 1953 duceni

1041 1973 1080 2009 in
1103 1971 1261 2010 cohorte
1291 1970 1412 2017 fuere,
1445 1968 1483 2007 id
1514 1971 1577 2017 est,
1608 1968 1703 2009 belli
1734 1969 1787 2010 se·
1854 1966 1860 1982 ⁸

1041 2027 1156 2066 cundi
1187 2029 1317 2067 Punici
1343 2040 1540 2079 tempore,
1578 2039 1615 2065 et
1647 2027 1786 2066 deinde

1040 2083 1239 2137 aliquanto
1268 2086 1374 2138 post,
1405 2097 1485 2122 non
1515 2082 1643 2136 plures
1669 2097 1785 2137 quam

1041 2153 1214 2181 tercenos
1235 2144 1372 2190 viginti
1394 2141 1532 2179 cohors
1563 2141 1708 2191 habuit,
1735 2155 1782 2181 ex

1042 2200 1164 2238 tribus
1182 2197 1385 2252 manipulis
1413 2197 1523 2250 supra
1544 2197 1667 2237 dietis.

1092 2255 1234 2295 Forum
1254 2254 1366 2308 Iulii]
1398 2256 1538 2293 Forum
1553 2253 1643 2293 Iulii
1660 2268 1780 2294 vnum

1037 2312 1078 2349 in
1106 2314 1241 2351 Carnis
1269 2313 1342 2359 est,
1375 2310 1550 2358 alterum,
1581 2312 1685 2364 quod
1717 2311 1780 2349 hic

1034 2369 1273 2416 significatur,
1294 2371 1344 2407 ‘in
1369 2367 1491 2408 Gallia
1524 2368 1779 2416 Narbonensi,

1035 2436 1241 2478 Vtrumque
1269 2425 1424 2465 fortasse
1464 2439 1486 2464 a
1528 2427 1571 2464 C.
1602 2425 1776 2473 Caesare,

1033 2483 1177 2520 cumin
1209 2481 1331 2522 Gallia
1361 2480 1592 2535 transalpina
1629 2480 1772 2521 bellum

1031 2549 1191 2587 gereret,
1211 2542 1468 2578 constitutum.

1085 2597 1290 2651 Qtattuor
1319 2592 1547 2651 legionibus]
1588 2597 1771 2650 Qinque
1811 2583 1814 2586 .

228 2651 474 2698 triariorum,
522 2650 718 2688 cohortem
733 2668 758 2677 e*
769 2649 969 2693 faciebant.
1026 2655 1204 2691 nominat
1231 2655 1334 2706 epist.
1357 2659 1393 2699 8.
1424 2662 1607 2704 quattuor
1642 2663 1768 2692 tamen

226 2715 336 2744 erant
355 2716 482 2745 autem
509 2708 549 2744 in
582 2705 731 2758 singulis
761 2706 966 2761 manipulis
1025 2709 1162 2747 Brutus
1189 2706 1255 2748 lib.
1273 2721 1335 2751 11.
1352 2710 1455 2762 epist.
1472 2720 1536 2760 13.

222 2760 362 2802 milites
401 2764 514 2802 CXX.
556 2766 721 2816 exceptis
756 2762 962 2818 manipulis

1078 2763 1222 2818 Bruti]
1309 2767 1387 2814 Qi
1417 2773 1594 2819 praeerat
1622 2761 1767 2803 Galliae

219 2819 466 2869 triariorum,
496 2822 537 2859 in
577 2821 716 2872 quibus
749 2831 857 2861 erant
881 2823 960 2861 Lx.
1020 2820 1249 2875 Cisalpinae.

1520 2867 1765 2916 ἑρπετο-
