1881 3173
243 118 327 167 788

245 227 384 275 Cicero
405 225 600 279 probauit,
619 225 660 263 in
683 223 842 265 honesto
856 234 893 263 et
913 225 989 264 vir-

246 292 329 322 tute
353 281 610 322 collocarunt:
653 294 884 334 quamquam
904 282 989 334 Epi-

247 353 359 381 curus
380 351 535 393 quoque
565 336 804 390 voluptatem
835 337 938 376 suam
967 351 989 375 a

246 400 390 438 virtute
411 412 489 435 non
510 395 705 434 disiunxit.
734 393 823 433 vide
842 393 909 434 lib.
925 404 989 447 15.

248 456 353 509 epist.
367 466 447 507 19.·
465 463 502 492 et
520 453 726 492 Laenium.

306 526 369 566 De
382 525 470 578 suis
493 522 692 563 commodis
720 531 757 561 et
779 519 991 573 praemiis]

246 586 447 633 Qmenam
485 581 577 619 haec
615 579 684 616 [int
716 576 921 617 'commoda
952 586 990 615 et

246 641 428 696 praemia,
458 636 632 676 diuinare
660 649 740 673 non
773 632 881 674 licet:
921 634 989 672 nifi

245 699 286 744 ni,
307 696 412 750 quod
434 696 535 734 inter
555 694 763 746 Epicureos
776 689 988 737 excelleret,

246 751 449 794 commoda
479 752 549 791 fibi
578 749 707 802 aliqua
747 760 784 788 et
818 749 988 802 praemia

247 808 474 865 postulauit:
493 822 579 861 .qua
595 807 643 846 de
663 820 705 845 re
719 803 786 845 lite
802 807 986 852 orta,Ro-

246 883 348 907 mam
368 868 496 912 venit,
524 875 560 904 et
591 873 757 918 patrono
783 864 823 900 in
851 863 985 916 primis

241 927 446 971 Cicerone,
464 936 562 975 quae
574 920 711 967 voluit,
725 933 746 958 a
757 917 887 960 senatu
898 933 987 959 con-

243 981 390 1022 secutus
410 981 476 1023 est.

304 1052 344 1093 A
368 1046 569 1105 Phaedro]
644 1048 836 1101 Principes
856 1047 989 1100 Epicu-

244 1125 332 1151 reae
368 1107 500 1154 seciae,
528 1108 724 1146 Ciceronis
761 1115 897 1150 aetate,
934 1106 990 1143 vi-

246 1169 386 1207 dentur
414 1162 546 1211 finire,
578 1165 747 1216 primum
785 1160 991 1209 Phaedrus,

244 1226 329 1280 post
378 1236 464 1262 eum
511 1220 636 1267 Philo,
666 1220 752 1274 post
788 1216 987 1257 Philonem

243 1285 368 1322 Patro.
397 1277 642 1330 Philofhphus
673 1275 810 1316 noh-lis
828 1276 869 1314 in
892 1272 985 1314 Phil.

245 1351 282 1395 5.
303 1352 332 1379 c.
350 1348 384 1392 5.
417 1334 607 1374 Phaedrus
622 1343 794 1373 vocatur.

299 1410 406 1450 Ante
447 1420 561 1462 quam
590 1405 788 1446 Philonem
816 1403 988 1458 cognoui-

242 1464 342 1518 mus]
373 1463 481 1503 Philo
504 1464 606 1502 enim
626 1460 827 1502 eruditior.
858 1460 924 1498 lib.
946 1471 985 1511 9.

243 1523 349 1576 epist.
370 1528 406 1571 8.
439 1519 557 1560 Tusc.
573 1533 607 1573 5.
636 1533 666 1558 c.
681 1530 744 1573 37.
774 1518 820 1556 fic
857 1527 985 1555 autem

242 1578 358 1620 Tusc.
370 1590 406 1622 2.
423 1592 452 1617 c.
469 1589 503 1628 3.
535 1576 680 1630 Nostra
700 1575 885 1615 memoria
899 1573 984 1612 Phi-

239 1635 292 1683 Ιο,
304 1648 411 1690 quem
431 1648 499 1674 nos
509 1631 736 1690 frequenter
751 1631 984 1677 audiuimus,

241 1692 409 1749 itfiituit
451 1687 528 1731 alio
574 1701 740 1742 tempore
785 1687 984 1735 rhetomtm

233 1759 443 1804 praecepta
464 1745 636 1794 tradere,
664 1744 742 1787 alio
754 1743 982 1798 philosbpho·

239 1820 343 1852 rum,
363 1804 420 1844 ad
444 1803 560 1860 quani
589 1805 659 1842 no?
680 1802 982 1853 corfitet-udinem

239 1877 265 1902 a
277 1858 701 1915 familiarihus'nostris
721 1857 904 1905 acidum,
938 1860 981 1898 in

242 1913 472 1971 Tusculano,
492 1914 597 1972 quod
612 1914 749 1956 datum
772 1914 820 1967 est
844 1925 980 1968 tempo·

237 1977 298 2027 ris,
316 1974 435 2022 nobis,
463 1976 503 2013 in
523 1988 562 2014 eo
588 1971 867 2025 confinnstmus.

294 2041 565 2102 Cognouimus]
648 2043 845 2092 cognouit
891 2055 979 2080 eum

236 2100 337 2142 Sulla
355 2112 393 2142 et
415 2102 597 2154 Pompeio
619 2098 704 2138 coss'.
730 2110 770 2139 vt
802 2101 845 2138 in
874 2097 977 2144 libro

235 2160 284 2200 de
307 2158 395 2198 clar.
418 2168 515 2199 orat.
545 2171 575 2196 c.
590 2163 653 2208 89.

292 2217 347 2257 Vt
366 2218 430 2255 vir
447 2214 583 2263 bonus]
615 2216 705 2252 Non
732 2209 905 2265 amplius,
933 2221 977 2251 vt

234 2270 495 2326 philosophus.
526 2272 567 2309 in
587 2283 666 2321 quo
686 2269 976 2314 notandum‚vi-

233 2342 320 2371 rum
340 2331 486 2375 bonum
509 2328 652 2374 vocari,
676 2328 740 2378 qui
780 2340 864 2364 cum
892 2327 976 2378 Epi-

232 2399 325 2425 curo
355 2386 510 2426 sentiat:
557 2396 641 2423 cum
666 2393 793 2421 tamen
825 2383 974 2428 dixerit,

231 2441 268 2481 se
288 2444 334 2482 ab
354 2457 401 2483 eo
412 2443 660 2481 vehementer
677 2442 717 2478 in
733 2438 974 2492 philosophia

231 2498 437 2540 diffentire.
475 2498 537 2537 sed
570 2496 676 2537 aliud
704 2498 767 2541 est,
795 2497 836 2534 in
868 2499 971 2535 vita:

229 2553 347 2604 aliud,
374 2557 414 2595 in
446 2553 688 2609 philosophia
713 2551 915 2592 dissentire.

285 2612 487 2659 Tradctm,
504 2612 669 2666 mihique
687 2608 968 2650 commendatus

226 2667 299 2724 est]
329 2670 373 2708 In
400 2668 613 2708 clientelam
636 2678 673 2707 et
695 2667 820 2706 fidem.

285 2726 354 2765 Vti
373 2724 499 2779 teJibi
524 2721 737 2777 placarem]
820 2724 965 2762 Iratum

224 2782 383 2822 Patroni
409 2782 636 2823 Memmium
654 2779 777 2827 fuisse,
797 2779 846 2819 ad
869 2781 964 2820 Atti-

455 112 682 152 Mum
709 111 999 151 MANv‘ru
1027 109 1546 168 COMMENTA-mvs

1044 237 1130 263 cum
1146 221 1286 275 scripsit
1297 220 1406 273 Πᾶς.
1418 220 1579 272 epist.11.
1592 233 1658 274 cur
1668 217 1786 260 fuerit

1045 281 1179 327 iratus,
1206 294 1332 332 neque
1366 281 1404 316 in
1430 272 1695 330 illa'epistola‚
1725 291 1789 317 ne.

1047 351 1122 388 que
1150 338 1190 374 in
1229 337 1298 375 hac
1329 333 1505 374 ostendit.
1547 334 1640 386 quin
1670 335 1786 373 etiam

1046 392 1140 432 scir'e
1165 392 1200 431 se
1221 390 1435 437 dissimulat,
1458 404 1543 430 cum
1567 391 1640 429 ait:
1648 389 1700 442 st
1712 405 1788 445 qzta

1046 447 1319 502 ffrtffiuncula
1334 447 1451 501 faHa
1483 447 1534 501 est
1567 448 1688 487 anime¹
1714 448 1788 501 ηιξ,

1043 504 1300 561 peruetfitate
1317 505 1546 565 eliquatum.
1605 524 1620 532 -

1105 591 1243 642 Nefi‘io
1271 588 1380 644 quidg
1405 589 1514 630 illud
1536 591 1698 642 Epicuri
1719 601 1787 642 pa-

1043 646 1298 700 rietinarum]
1372 648 1574 687 Minimam
1594 661 1675 686 rem
1706 661 1727 686 a
1749 646 1786 687 se

1045 707 1125 758 peti
1155 704 1340 751 ostendit,
1376 717 1456 757 quo
1492 703 1642 744 facilius
1667 706 1788 758 impe-

1044 771 1142 806 tret3
1169 771 1206 801 et
1229 759 1336 800 fimul
1350 770 1391 800 vt
1411 759 1785 815 pudeatMemmium

1043 818 1091 858 de
1115 820 1312 872 parietinis
1345 816 1420 857 illis
1440 816 1630 858 laborare.
1657 812 1785 858 minus
1840 811 1849 841 ⁴²

1043 886 1169 915 autem
1191 877 1253 923 est,
1276 874 1399 925 neseio
1417 872 1641 927 qaid‚ilt'ud
1660 877 1789 926 parie·
1844 899 1845 903 =

1042 935 1230 980 tinorum,
1253 946 1367 985 quam
1384 932 1409 969 fi
1437 930 1598 981 dixisset,
1621 934 1787 984 parieti·
1844 925 1848 932 ⁸

1044 1004 1116 1030 nas
1148 991 1271 1037 illas,
1310 991 1430 1039 mlrio
1471 1004 1578 1044 quas.
1630 986 1697 1028 lib.
1719 1001 1784 1042 15.
1844 996 1851 1002 ’“

1043 1047 1147 1100 epist,
1158 1059 1198 1100 4.
1228 1042 1591 1103 Qeaeresfhrtqjsb,
1609 1045 1786 1100 quidsit,

1043 1102 1147 1169 qfcod
1163 1117 1230 1159 ego
1245 1106 1312 1143 hoc
1338 1103 1461 1153 nescio
1485 1100 1581 1157 qaid
1601 1103 1784 1158 gratula.

1042 1163 1158 1200 ttont's
1189 1171 1229 1200 et
1255 1160 1408 1200 honoris
1436 1159 1645 1209 asenam,
1680 1163 1786 1202 tanti
1839 1179 1854 1192 ··

1043 1216 1244 1272 aestimem.

1098 1287 1385 1340 Aedificationis
1421 1296 1512 1326 tuae
1554 1285 1782 1342 confilium]

1044 1346 1314 1396 Areopagitae,
1336 1344 1489 1382 decreto
1517 1341 1633 1390 fausto,
1662 1347 1785 1383 Mem-

1043 1404 1123 1440 mio
1149 1400 1416 1447 concess'erant,
1437 1411 1478 1439 vt
1495 1398 1604 1439 aedes
1631 1402 1785 1454 Epicuri

1042 1467 1212 1504 veteres,
1250 1470 1343 1510 quas
1375 1459 1511 1496 Cicero
1541 1466 1581 1496 vt
1609 1458 1650 1496 in
1695 1472 1782 1497 con-

1043 1516 1297 1568 temptionem
1330 1512 1546 1560 adduceret,
1570 1507 1786 1566 parietinbs

1040 1573 1207 1619 vocatur,
1230 1572 1422 1610 commodi
1442 1570 1499 1626 sui
1525 1572 1646 1620 gratia
1677 1586 1784 1612 uae·
1818 1566 1823 1571 ’
1847 1576 1849 1578 ’

1040 1625 1192 1668 dificare
1211 1624 1343 1682 p'effet.

1095 1713 1199 1753 Idem
1218 1724 1263 1753 vt
1279 1710 1337 1753 ad
1353 1723 1393 1753 te
1405 1710 1646 1765 scriberem]
1704 1713 1763 1752 Mi

1039 1766 1195 1816 tylenas.
1390 1810 1392 1813 ,
1569 1805 1572 1811 .
1752 1794 1755 1797 ,

1094 1835 1271 1895 Abiecffe
1311 1841 1423 1880 illam
1460 1833 1781 1895 aedfficatiotzern]

1038 1900 1125 1944 Pro,
1137 1896 1311 1938 abiecifl'e
1329 1896 1551 1936 aedificandi
1569 1895 1778 1936 confilium.
1842 1895 1857 1909 '²

1036 1953 1158 1993 infra:
1216 1953 1517 2005 aedificativa-⁶711
1565 1951 1776 2007 depofitfsfi.
1842 1975 1858 1993 .-

1037 2022 1074 2051 et
1099 2009 1210 2064 lib.5.
1227 2010 1274 2049 ad
1296 2012 1410 2050 Attic.
1430 2010 1533 2063 epist.
1550 2020 1612 2050 ΙΙ.
1656 2011 1778 2049 Mem-
1855 2051 1862 2061 1

1033 2070 1133 2107 mim
1160 2066 1389 2119 aedtfirandi
1417 2066 1614 2118 cmgfilfflm
1635 2065 1776 2106 ubic-ce·
1840 2068 1853 2086 '¹

1032 2136 1114 2164 rat.
1155 2125 1201 2162 fic
1218 2122 1285 2163 lib.
1298 2136 1336 2176 9.
1359 2124 1476 2176 epist.
1511 2134 1572 2174 ις.
1622 2120 1777 2162 domum
1859 2134 1863 2141 ·

1032 2182 1234 2221 Sullanam
1266 2195 1342 2219 non
1366 2183 1511 2219 abieci:
1545 2192 1630 2231 pro,
1659 2180 1777 2218 consi-

1031 2236 1127 2276 lium
1149 2237 1299 2277 emendi
1311 2236 1470 2276 domum
1489 2234 1681 2275 Sullanam
1693 2249 1775 2276 non

1031 2295 1166 2337 abieci.

1089 2366 1130 2405 Si
1138 2368 1215 2404 iam
1219 2365 1336 2417 plane
1348 2375 1416 2403 tua
1428 2361 1708 2418 nihilinterest]
1719 2364 1773 2402 Si-

1030 2422 1186 2475 quidem
1206 2421 1430 2461 aedificandi
1449 2419 1645 2459 confilium
1669 2421 1772 2460 abie-

1030 2480 1122 2519 cisti.
1625 2474 1644 2493 ⁸

1085 2550 1126 2589 Si
1154 2562 1231 2605 qua
1261 2543 1537 2602 offivnfiuncula
1565 2545 1681 2597 suffla
1719 2545 1771 2597 el}

1026 2608 1149 2645 animi
1168 2605 1246 2659 tui]
1277 2607 1315 2644 Si
1336 2618 1410 2658 qua
1431 2618 1473 2643 re
1493 2603 1634 2643 leuiter
1648 2601 1770 2643 offen-

1021 2662 1081 2702 sus
1103 2663 1154 2701 est
1171 2665 1319 2710 animus
1338 2672 1436 2700 tuus.
1479 2674 1568 2699 nam
1599 2662 1625 2700 fi
1645 2663 1769 2710 graui-

1021 2730 1080 2759 ter
1102 2718 1193 2758 effet
1211 2716 1390 2764 offensus,
1422 2727 1553 2771 petere
1572 2731 1594 2756 a
1619 2728 1657 2756 te
1681 2731 1762 2755 non

1019 2775 1213 2824 auderem,
1234 2786 1276 2816 vt
1297 2774 1345 2815 ad
1366 2774 1563 2817 lenitatem
1582 2783 1618 2813 te
1641 2773 1763 2812 dares.

1596 2831 1761 2871 Feruor-
