1881 3173
616 112 841 154 PAVLLI
881 110 1163 151 MANVTII
1204 108 1400 147 LNDEX

233 232 419 278 Labrum,
446 229 472 269 fi
493 229 534 268 in
554 200 694 268 balneo
715 238 795 264 non
822 225 885 270 est,
917 222 978 262 fae

287 300 328 328 vt
350 290 391 327 fit
729 293 795 332 14,
811 292 879 327 20,
892 291 977 333 449

232 358 465 401 Lacess'erem
502 366 540 395 te
579 367 658 393 non
706 349 886 405 epistolis,
917 345 980 390 sed

291 414 556 456 voluminibus
592 423 657 457 12,
693 421 758 461 30,
780 419 874 460 377.
929 407 980 446 la-

289 471 426 514 cess'ere
464 469 633 521 aliquem
665 466 807 504 iniuria
842 472 981 517 11,‘3,

290 537 385 585 318.
414 524 588 566 lacessere
628 522 796 574 aliquem
839 519 979 573 scripto

716 591 781 625 12,
802 589 870 624 20,
897 581 975 630 368

231 659 403 704 Lacinia.
432 656 477 693 In
500 652 635 691 lacinia
670 648 821 687 seruare
854 661 898 685 ex
928 645 978 685 se-

290 713 412 754 cunda
430 709 558 750 mensa
580 707 720 746 semina
740 709 881 752 16,21,
895 710 977 757 493

234 791 376 830 Laetor
416 783 580 822 maxime
624 776 840 816 officiorum
877 789 982 813 meo·

291 858 377 884 rum
407 838 634 880 conscientia
774 847 809 887 ς,
831 844 876 886 7,
901 843 982 872 112

232 915 460 960 Λακωνισμός
715 917 781 952 11,
802 917 869 957 25,
895 914 976 955 337

232 972 446 1023 Languenti
460 966 650 1008 stomacho
671 962 742 1003 effe
761 969 796 1010 8,
814 972 831 1002 1
845 973 880 1008 3,
893 971 976 1011 229

230 1031 420 1073 Laodicea
769 1032 811 1066 2,
835 1029 900 1070 17,
922 1028 977 1069 49

234 1099 443 1153 Laffitudo.
477 1094 596 1137 Nulla
621 1092 794 1133 lassitudo
822 1089 982 1142 impedi·

290 1174 332 1199 re
354 1157 523 1196 officium
557 1163 593 1192 et
627 1153 742 1190 fidem
772 1147 884 1186 debet
915 1157 980 1192 12,

809 1216 876 1256 25,
899 1213 981 1254 374

234 1276 329 1315 Late
351 1279 456 1324 patet
478 1263 766 1311 maleuolentia,
797 1272 833 1299 et
864 1262 911 1298 est
939 1261 979 1296 in

285 1327 416 1369 multis
807 1329 844 1369 3,
862 1320 901 1363 6,
925 1319 980 1358 60

232 1401 397 1444 Latebra
424 1392 583 1435 tabellae
775 1401 811 1441 3,
837 1398 902 1433 12,
923 1398 980 1440 77

233 1455 443 1501 Laterensis
492 1451 654 1490 affirmat
690 1446 878 1498 Lepidum
912 1445 980 1483 bo-

291 1528 385 1555 num
413 1510 587 1550 futurum
613 1515 865 1555 10‚21‚294.
893 1515 979 1539 cum

291 1573 329 1613 se
351 1573 392 1610 in
412 1566 587 1608 fraudem
617 1562 821 1600 dedueium
848 1559 981 1611 Lepidi

292 1626 452 1685 perfidia
475 1623 638 1668 videret,
673 1619 739 1657 fibi
767 1630 900 1656 manus
929 1614 982 1655 af-

292 1689 397 1730 ferre
428 1692 584 1721 conatus
617 1678 668 1717 est
707 1686 772 1720 10,
794 1687 863 1726 23,
883 1680 979 1726 298.

292 1741 500 1787 Laterensis
523 1748 561 1776 et
585 1735 765 1778 Furnius,
786 1732 980 1770 adiutores

293 1812 332 1842 et
381 1801 607 1849 interpretes
653 1789 775 1829 Planci
822 1800 887 1835 10,
915 1799 980 1833 11,

292 1865 391 1910 284.
426 1851 629 1893 Laterensis
655 1849 716 1887 vir
737 1845 979 1894 san&iffimus

297 1924 440 1960 1021,
459 1921 556 1963 29ς.
593 1903 833 1945 Laterensem
863 1904 981 1941 nimia

293 1970 530 2019 indulgentia
578 1966 619 2003 in
665 1960 851 2015 Lepidum
891 1958 982 1999 fecit

292 2032 417 2071 minus
437 2024 602 2074 sagacem
634 2019 683 2059 ad
719 2016 982 2072 perspiciunda

294 2082 463 2142 pericula
743 2087 807 2123 10,
819 2086 885 2126 237
899 2080 979 2125 298

237 2158 401 2203 Lauatio
419 2163 550 2208 parata
791 2155 831 2197 9,
845 2157 881 2197 5,
897 2156 975 2195 241

237 2216 411 2260 Laudare
439 2210 605 2263 aliquem
635 2203 842 2259 plurimum
881 2201 982 2241 valet

297 2272 344 2312 ad
365 2268 604 2310 excitandum
629 2274 665 2301 et
686 2259 898 2299 acuendum
915 2270 980 2310 15,

298 2342 365 2374 21,
387 2339 482 2381 479.
545 2320 700 2361 laudare
720 2316 894 2363 alterum,
924 2315 980 2354 so-

234 2431 235 2434 ,
298 2388 378 2427 lum
400 2384 563 2423 liberum
583 2380 655 2417 est:
685 2376 730 2414 de
761 2389 838 2427 quo
871 2373 980 2425 quid-

297 2442 389 2497 quid
409 2439 595 2482 detrahas,
613 2432 754 2473 neccl'le
775 2433 824 2470 est
844 2443 906 2469 aut
927 2432 982 2468 in-

298 2499 481 2542 firmitati,
501 2505 565 2533 aut
587 2491 756 2531 inuiliae
781 2489 983 2536 aliignetur

297 2561 335 2605 6,
355 2569 393 2609 7,
419 2567 512 2607 152.
568 2548 717 2589 laudari
764 2561 785 2585 a
828 2544 980 2583 laudato

297 2617 386 2654 viro
754 2616 791 2657 5,
811 2614 876 2649 12,
902 2613 981 2642 122

240 2684 443 2727 Laureola.
471 2679 609 2726 velles,
625 2680 694 2727 ais,
715 2672 980 2715 tantummodo

299 2752 340 2781 vt
365 2736 544 2779 haberem
572 2733 729 2785 negotii,
759 2731 862 2784 quod
893 2728 982 2769 ess'et

230 2838 233 2841 .
296 2801 343 2838 ad
365 2795 573 2837 laureolam
593 2793 679 2832 satis
778 2802 817 2836 2,
840 2800 905 2833 10,
927 2798 979 2838 39

1032 225 1132 262 Laus
1152 234 1195 260 ea
1220 217 1387 259 iucunda
1416 220 1491 265 est,
1525 231 1624 271 quae
1652 217 1701 257 ab
1731 218 1778 256 iis
1810 259 1811 263 ,

1091 276 1364 332 proficiscitur,
1400 278 1467 329 qui
1500 276 1567 328 ipfi
1597 277 1636 313 in
1669 273 1780 313 laude
1832 275 1848 328 ᾖ

1607 330 1688 370 laus
1717 344 1781 369 na·

1091 339 1270 375 vixerunt
1305 346 1370 387 15,
1396 337 1436 381 6,
1454 335 1551 387 463.

1094 391 1196 431 scens
1234 402 1271 438 1,
1295 402 1336 443 7,
1359 401 1421 432 12.
1484 388 1607 428 laudis
1634 388 1781 427 inimici

1093 447 1187 488 ibid.
1208 459 1246 499 9.
1278 447 1455 486 Laudum
1469 448 1615 500 gloria.

1094 562 1233 615 quibus
1254 562 1399 600 artibus
1422 575 1487 599 eae
1520 559 1649 597 laudes
1679 572 1780 596 com-

1093 628 1291 673 parantur,
1311 619 1352 656 in
1373 620 1420 657 iis
1447 620 1498 658 est
1523 615 1779 655 laborandum
1822 623 1833 645 ί

1600 684 1704 725 2‚4,
1731 684 1780 724 33
1841 694 1844 700 “

1038 739 1182 776 Lautus
1204 734 1260 772 rei
1281 732 1402 771 exitus
1431 734 1469 779 8,
1492 742 1557 783 13,
1576 740 1672 781 229.
1702 727 1780 767 val·

1098 790 1144 829 de
1166 792 1241 828 iam
1272 788 1396 828 lautus
1426 803 1486 834 es,
1526 789 1590 840 qui
1619 798 1779 834 grauere
1836 804 1853 832 g,

1096 847 1241 887 litteras
1262 847 1307 885 ad
1329 861 1388 885 ine
1411 846 1500 884 dare
1528 857 1568 897 7,
1593 855 1659 895 14,
1685 849 1778 895 185.

1092 903 1189 945 nihil
1215 907 1285 944 tibi
1306 906 1378 943 erit
1397 902 1547 943 lautius„
1582 898 1679 938 nihil
1699 899 1780 947 glo·
1846 900 1847 903 ’

1038 1024 1141 1062 Laxa
1170 1029 1204 1057 te
1228 1018 1302 1055 istis
1323 1014 1517 1061 molestiis,
1546 1025 1582 1054 et
1611 1013 1657 1050 ad
1690 1027 1778 1051 con-

1096 1077 1241 1116 viehim
1259 1074 1430 1125 nostrum
1445 1071 1528 1111 redi
1558 1084 1596 1124 ς,
1618 1081 1636 1109 Ι
1646 1083 1683 1122 4,
1699 1081 1715 1109 Ι
1728 1081 1779 1123 25

1038 1136 1198 1183 Legatio
1220 1131 1339 1170 libera
1391 1157 1395 1160 »
1535 1140 1600 1175 12,
1615 1129 1778 1179 21‚369
1824 1153 1850 1178 K.

1037 1191 1170 1241 Legati
1192 1188 1357 1242 Appiani
1609 1194 1645 1235 3,
1663 1196 1702 1236 7,
1724 1186 1775 1225 61
1841 1176 1859 1226 «ἓ

1038 1251 1156 1297 Legio
1181 1247 1281 1286 bima
1310 1256 1360 1284 10
1394 1253 1460 1295 24,
1483 1252 1576 1294 300.
1608 1240 1707 1289 legio
1725 1238 1780 1278 lu-

1093 1302 1337 1344 culentiffiina
1368 1300 1460 1338 ibid.
1515 1297 1684 1347 legiones
1715 1297 1778 1335 de-

1092 963 1225 1002 riosius
1531 970 1596 1011 15,
1626 959 1778 1010 14,469
1841 980 1847 997 .·.

1094 1372 1216 1401 cretae
1245 1361 1284 1396 in
1306 1359 1446 1402 syriam
1473 1368 1512 1399 2,
1539 1366 1600 1407 17,
1620 1366 1688 1406 49.
1726 1352 1780 1392 le·
1842 1374 1855 1381 -·

1092 1421 1224 1467 giones
1256 1416 1370 1454 habet
1414 1412 1568 1452 Plancus
1606 1412 1778 1463 quinque

1093 1475 1160 1514 sub
1189 1475 1297 1521 lignis
1406 1470 1412 1473 Α
1548 1480 1612 1514 10,
1637 1474 1672 1515 8.
1693 1474 1773 1516 281

1035 1534 1145 1583 Legit
1170 1545 1256 1569 cum
1275 1526 1412 1568 Caesar
1438 1527 1480 1564 in
1509 1523 1676 1564 senatum
1713 1536 1778 1576 13,

1639 1592 1676 1633 52
1699 1586 1781 1633 384

1037 1647 1248 1689 Λελκθὸτως
1568 1650 1608 1690 92
1627 1649 1668 1683 27
1693 1642 1775 1687 238

1038 1705 1176 1747 Lenire
1196 1710 1260 1739 aut
1279 1697 1410 1737 leuare
1433 1694 1587 1734 alterius
1605 1693 1780 1733 dolorem

1097 1760 1273 1799 oratione
1303 1759 1339 1798 6.
1377 1766 1441 1806 13,
1474 1755 1560 1794 161.
1613 1750 1780 1790 leniatur

1095 1818 1296 1867 Vtriusque
1328 1813 1496 1850 nostruin
1527 1806 1687 1848 absentis
1719 1806 1781 1845 de·
1845 1804 1857 1832 '7

1094 1873 1271 1913 fidei-ium
1304 1870 1446 1909 crebris
1482 1876 1519 1906 et
1549 1864 1672 1914 longis
1701 1865 1780 1917 epi-

1097 1928 1200 1970 stolis
1537 1935 1552 1963 1
1565 1935 1602 1975 5,
1613 1935 1638 1963 2
1647 1933 1664 1962 1·
1673 1951 1682 1968 ‚
1694 1932 1779 1974 477

1038 1985 1251 2028 Lentulitas

1038 2043 1224 2086 Lentulus
1247 2039 1359 2093 Appii
1381 2050 1496 2088 gener
1609 2047 1640 2088 3.
1666 2042 1704 2084 8,
1724 2037 1780 2077 66

1038 2100 1222 2142 Lentulus
1243 2103 1516 2137 commemorat
1538 2092 1600 2131 sua
1621 2096 1659 2131 in
1681 2105 1781 2131 rem-

1093 2157 1281 2212 publicam
1296 2155 1428 2192 merita
1452 2162 1567 2202 12214
1588 2162 1682 2202 357.
1699 2154 1776 2201 358

1036 2213 1221 2256 Lentulus
1246 2215 1343 2251 Crus
1377 2207 1548 2263 repulsus
1580 2214 1615 2255 3,
1635 2220 1676 2259 4,
1694 2217 1780 2247 210

1037 2271 1220 2314 Lentulus
1239 2269 1353 2308 foede
1365 2268 1491 2322 periit,
1505 2275 1542 2303 at
1554 2267 1650 2303 Cato
1668 2275 1777 2317 prae·

1093 2329 1192 2368 clare
1539 2333 1579 2375 9,
1608 2327 1672 2370 18,
1696 2322 1781 2361 260

1037 2384 1202 2428 Lentulo
1223 2391 1357 2432 agente
1385 2379 1431 2419 de
1459 2377 1605 2432 reliqua
1629 2379 1782 2416 Cicero-

1093 2445 1151 2482 nis
1180 2442 1385 2490 dignitate,
1414 2447 1479 2475 aut
1506 2433 1651 2474 occulta
1683 2447 1780 2471 non-

1093 2499 1289 2539 nullorum
1316 2495 1416 2540 odia,
1438 2503 1502 2534 aut
1533 2491 1689 2532 obscura
1711 2491 1782 2529 stu-

1097 2559 1156 2595 dia
1185 2554 1438 2594 cernebantur
1601 2562 1632 2594 1,
1655 2560 1693 2600 9.
1730 2549 1779 2589 ¹6

1038 2612 1203 2655 Lentulo
1224 2622 1260 2651 et
1271 2606 1451 2649 Marcello
1478 2603 1563 2645 coss‘.
1592 2614 1632 2658 7,
1647 2617 1682 2657 3,
1698 2614 1778 2657 175

1038 2670 1203 2725 Lepidus
1236 2681 1300 2711 10,
1320 2678 1386 2712 21,
1409 2677 1505 2716 294.
1557 2664 1702 2703 bonum
1730 2662 1779 2699 ci-

1096 2742 1181 2767 vein
1203 2726 1335 2775 agztrin
1357 2724 1460 2775 epist.
1479 2720 1526 2758 ad
1557 2724 1570 2753 (
1590 2722 1781 2757 iceronem

1100 2796 1163 2834 10,
1189 2795 1252 2837 34,
1276 2792 1366 2839 314.
1418 2778 1531 2818 Cassii
1559 2776 1679 2815 affluis
1714 2787 1779 2819 12,

1637 2839 1674 2880 8,
1700 2841 1778 2884 351

1676 447 1780 492 Qia·
1834 435 1849 487 s*

1091 506 1178 557 rum
1201 502 1355 542 laudum
1387 503 1548 553 gloriam
1579 502 1780 549 adainaris,

1599 1991 1636 2032 3²
1657 1991 1700 2031 72
1723 1981 1778 2020 62
1834 1987 1838 1990 ’
